@inproceedings{Li2016,
  title={Deep convolutional neural networks for detecting secondary structures in protein density maps from cryo-electron microscopy},
  author={Li, Rongjian and Si, Dong and Zeng, Tao and Ji, Shuiwang and He, Jing},
  booktitle={Proc. IEEE BIBM},
  pages={41--46},
  year={2016},
  organization={IEEE}
}

@inproceedings{Krizhevsky,
  title={Imagenet classification with deep convolutional neural networks},
  author={Krizhevsky, Alex and Sutskever, Ilya and Hinton, Geoffrey E},
  booktitle={Adv. Neural Inf. Process Syst.},
  pages={1097--1105},
  year={2012}
}


@inproceedings{Girshick2014,
  title={Rich feature hierarchies for accurate object detection and semantic segmentation},
  author={Girshick, Ross and Donahue, Jeff and Darrell, Trevor and Malik, Jitendra},
  booktitle={Proc. IEEE CVPR},
  pages={580--587},
  year={2014}
}

@inproceedings{Taigman,
  title={Deepface: Closing the gap to human-level performance in face verification},
  author={Taigman, Yaniv and Yang, Ming and Ranzato, Marc'Aurelio and Wolf, Lior},
  booktitle={Proc. IEEE CVPR},
  pages={1701--1708},
  year={2014}
}

@article{Puerto,
    title = {{Extensive facility location problems on networks: an updated review}},
    journal = {TOP},
    author = {Puerto, Justo and Ricca, Federica and Scozzari, Andrea and Puerto, B Justo},
    url = {https://doi.org/10.1007/s11750-018-0476-5//doi.org/10.1007/s11750-018-0473-8, https://doi.org/10.1007/s11750-018-0474-7, https://doi.org/10.1007/s11750-018-0475-6.},
    doi = {10.1007/s11750-018-0476-5},
    keywords = {Equity measures, Minimum loss criteria, Ordered median, Path location problems, Tree location problems}
}

@article{Dubochet2018,
    title = {{Cryo-EM in drug discovery: achievements, limitations and prospects}},
    year = {2018},
    journal = {Nat. Rev. Drug Disc. },
    author = {Dubochet, Jacques and Frank, Joachim and Henderson, Richard},
    publisher = {Nature Publishing Group},
    url = {https://www.nature.com/articles/nrd.2018.77},
    doi = {10.1038/nrd.2018.77},
    pmid = {29880918}
}

@article{Cassidy2018,
    title = {{CryoEM-based hybrid modeling approaches for structure determination}},
    year = {2018},
    journal = {Curr. Opin. MicroBio. },
    author = {Cassidy, C. Keith and Himes, Benjamin A. and Luthey-Schulten, Zaida and Zhang, Peijun},
    pages = {14--23},
    volume = {43},
    doi = {10.1016/j.mib.2017.10.002},
    pmid = {29107896}
}

@incollection{DiMaio2016,
  title={Tools for model building and optimization into near-atomic resolution electron cryo-microscopy density maps},
  author={DiMaio, F and Chiu, W},
  booktitle={Methods in enzymology},
  volume={579},
  pages={255--276},
  year={2016},
  publisher={Elsevier}
}


@article{Yu2015,
    title = {{A putative ATPase mediates RNA transcription and capping in a dsRNA virus}},
    year = {2015},
    journal = {eLife},
    author = {Yu, Xuekui and Jiang, Jiansen and Sun, Jingchen and Zhou, Z. Hong},
    isbn = {2050-084X (Electronic)
2050-084X (Linking)},
    doi = {10.7554/eLife.07901},
    issn = {2050084X},
    pmid = {26240998}
}

@misc{Rawat2017,
    title = {{Deep convolutional neural networks for image classification: A comprehensive review}},
    year = {2017},
    booktitle = {Neural Computation},
    author = {Rawat, Waseem and Wang, Zenghui},
    isbn = {0899-7667},
    doi = {10.1162/NECO{\_}a{\_}00990},
    issn = {1530888X},
    pmid = {25602775},
    arxivId = {1706.02451}
}

@article{Chen2016,
  title={De Novo modeling in cryo-EM density maps with Pathwalking},
  author={Chen, Muyuan and Baldwin, Philip R and Ludtke, Steven J and Baker, Matthew L},
  journal={Journal of structural biology},
  volume={196},
  number={3},
  pages={289--298},
  year={2016},
  publisher={Elsevier}
}

@article{Terashi2018a,
  title={De novo main-chain modeling for EM maps using MAINMAST},
  author={Terashi, Genki and Kihara, Daisuke},
  journal={Nature communications},
  volume={9},
  number={1},
  pages={1618},
  year={2018},
  publisher={Nature Publishing Group}
}

@article{Zhou2017,
    title = {{EMBuilder: A Template Matching-based Automatic Model-building Program for High-resolution Cryo-Electron Microscopy Maps}},
    year = {2017},
    journal = {Scientific Reports},
    author = {Zhou, Niyun and Wang, Hongwei and Wang, Jiawei},
    doi = {10.1038/s41598-017-02725-w},
    issn = {20452322},
    pmid = {28572576}
}

@article{Frenz2017,
    title = {{RosettaES: A sampling strategy enabling automated interpretation of difficult cryo-EMmaps}},
    year = {2017},
    journal = {Nature Methods},
    author = {Frenz, Brandon and Walls, Alexandra C. and Egelman, Edward H. and Veesler, David and Di Maio, Frank},
    doi = {10.1038/nmeth.4340},
    issn = {15487105},
    pmid = {28628127}
}

@misc{Terashi2018,
  title={De novo main-chain modeling with MAINMAST in 2015/2016 EM Model Challenge},
  author={Terashi, Genki and Kihara, Daisuke},
  journal={J. Struct. Biol.},
  year={2018},
  publisher={Elsevier}
}

@techreport{Dalpai2006,
  title={Identification of $\alpha$-helices from low resolution protein density maps},
  author={Dal Palu, A and He, J and Pontelli, E and Lu, Y},
  journal={Computational Systems Bioinformatics},
  pages={89--98},
  year={2006},
  organization={World Scientific}
}

@article{Jiang2001,
    title = {{Bridging the information gap: Computational tools for intermediate resolution structure interpretation}},
    year = {2001},
    journal = {J. Mol. Biol.},
    author = {Jiang, Wen and Baker, Matthew L. and Ludtke, Steven J. and Chiu, Wah},
    number = {5},
    pages = {1033--1044},
    volume = {308},
    isbn = {0022-2836 (Print){\textbackslash}r0022-2836 (Linking)},
    doi = {10.1006/jmbi.2001.4633},
    pmid = {11352589},
    keywords = {Bioinformatics, Electron cryomicroscopy, Fold recognition, Macromolecular assemblies, Structure}
}

@article{Rusu2012,
  title={Evolutionary bidirectional expansion for the tracing of alpha helices in cryo-electron microscopy reconstructions},
  author={Rusu, Mirabela and Wriggers, Willy},
  journal={J. Struct. Biol.},
  volume={177},
  number={2},
  pages={410--419},
  year={2012},
  publisher={Elsevier}
}

@article{Si2014,
  title={Tracing beta strands using StrandTwister from cryo-EM density maps at medium resolutions},
  author={Si, Dong and He, Jing},
  journal={Structure},
  volume={22},
  number={11},
  pages={1665--1676},
  year={2014},
  publisher={Elsevier}
}

@inproceedings{Si2012,
  title={A Machine Learning Approach for the Identification of Protein Secondary Structure Elements from Electron Cryo-Microscopy Density Maps},
  author={Si, Dong and Ji, Shuiwang and Nasr, Kamal Al and He, Jing},
  journal={Biopolymers},
  volume={97},
  number={9},
  pages={698--708},
  year={2012},
  publisher={Wiley Online Library}
}

@article{Yu2008,
  title={Computational approaches for automatic structural analysis of large biomolecular complexes},
  author={Yu, Zeyun and Bajaj, Chandrajit},
  journal={IEEE/ACM TCBB},
  volume={5},
  number={4},
  pages={568--582},
  year={2008},
  publisher={IEEE Computer Society Press}
}

@article{Afonine2018,
    title = {{Real-space refinement in PHENIX for cryo-EM and crystallography}},
    year = {2018},
    journal = {Acta Cryst.},
    author = {Afonine, Pavel V and Poon, Billy K and Read, Randy J and Sobolev, Oleg V and Terwilliger, Thomas C and Urzhumtsev, Alexandre and Adams, Paul D},
    pages = {531--544},
    volume = {74},
    url = {https://doi.org/10.1107/S2059798318006551},
    doi = {10.1107/S2059798318006551},
    keywords = {PHENIX, atomic-centered targets, cryo-EM, crystallography, map interpolation, real-space refinement}
}

@article{C.P.vanZundert2015,
  title={Fast and sensitive rigid-body fitting into cryo-EM density maps with PowerFit},
  author={van Zundert, Gydo C.P. and Bonvin, Alexandre M.J.J.},
  journal={AIMS Biophysics},
  volume={2},
  number={2},
  pages={73--87},
  year={2015}
}

@article{Clark2015Residue-levelDomains,
    title = {{Residue-level global and local ensemble-ensemble comparisons of protein domains}},
    year = {2015},
    journal = {Protein Science},
    author = {Clark, Sarah A. and Tronrud, Dale E. and Andrew Karplus, P.},
    doi = {10.1002/pro.2714},
    issn = {1469896X},
    keywords = {NMR ensemble, Rosetta, force field optimization, homology modeling, protein comparisons, structure prediction, structure validation, superposition, template-based modeling}
}

@article{Brereton2018EnsemblatorEnsembles,
    title = {{Ensemblator v3: Robust atom-level comparative analyses and classification of protein structure ensembles}},
    year = {2018},
    journal = {Protein science : a publication of the Protein Society},
    author = {Brereton, Andrew E. and Karplus, P. Andrew},
    doi = {10.1002/pro.3249},
    issn = {1469896X},
    keywords = {NMR ensemble, Rosetta, clustering, ensemble clustering, protein structure comparison, python, structure prediction, superposition, template-based modeling}
}

@article{Mendez2003AssessmentMethods,
    title = {{Assessment of blind predictions of protein-protein interactions: Current status of docking methods}},
    year = {2003},
    journal = {Proteins: Structure, Function and Genetics},
    author = {M{\'{e}}ndez, Raúl and Leplae, Raphaël and De Maria, Leonardo and Wodak, Shoshana J.},
    isbn = {1097-0134 (Electronic){\textbackslash}r0887-3585 (Linking)},
    doi = {10.1002/prot.10393},
    issn = {08873585},
    pmid = {12784368},
    keywords = {Interface residues, Residue-residue contacts, Structure predictions}
}

@article{Brereton2018EnsemblatorEnsemblesb,
    title = {{Ensemblator v3: Robust atom-level comparative analyses and classification of protein structure ensembles}},
    year = {2018},
    journal = {Protein science : a publication of the Protein Society},
    author = {Brereton, Andrew E. and Karplus, P. Andrew},
    doi = {10.1002/pro.3249},
    issn = {1469896X},
    keywords = {NMR ensemble, Rosetta, clustering, ensemble clustering, protein structure comparison, python, structure prediction, superposition, template-based modeling}
}

@article{Emekli2008HingeProt:Structures,
    title = {{HingeProt: Automated prediction of hinges in protein structures}},
    year = {2008},
    journal = {Proteins: Structure, Function and Genetics},
    author = {Emekli, Ugur and Schneidman-Duhovny, Dina and Wolfson, Haim J. and Nussinov, Ruth and Haliloglu, Turkan},
    isbn = {1097-0134 (Electronic){\textbackslash}r0887-3585 (Linking)},
    doi = {10.1002/prot.21613},
    issn = {08873585},
    pmid = {17847101},
    keywords = {Docking, EM, Hinges, NMA, Protein flexibility, Protein function}
}

@article{GainesComparingFraction,
    title = {{Comparing side chain packing in soluble proteins, protein-protein interfaces, and transmembrane proteins Short title: Side chain prediction versus packing fraction}},
    author = {Gaines, J C and Acebes, S and Virrueta, A and Butler, M and Regan, L and O 'hern, C S},
    doi = {10.1002/prot.25479},
    keywords = {hydrophobic amino acids, protein design, protein interfaces, protein structure prediction, protein-peptide interactions, protein-protein interactions, rotamer prediction, side chain dihedral angles, side chain repacking, transmembrane proteins}
}

@article{Taylor2014QuantitativeMovements,
    title = {{Quantitative method for the assignment of hinge and shear mechanism in protein domain movements}},
    year = {2014},
    journal = {Bioinformatics},
    author = {Taylor, Daniel and Cawley, Gavin and Hayward, Steven},
    doi = {10.1093/bioinformatics/btu506},
    issn = {14602059},
    pmid = {25078396}
}

@article{Meinshausen2006QuantileForests,
    title = {{Quantile Regression Forests}},
    year = {2006},
    journal = {Journal of Machine Learning Research},
    author = {Meinshausen, Nicolai},
    pages = {983--999},
    volume = {7},
    keywords = {adaptive neighborhood regression, quantile regression, random forests}
}

@article{Chap3,
    title = {{chap3}}
}

@article{Chap5,
    title = {{chap5}}
}

@article{Chap6,
    title = {{chap6}}
}

@article{2018Appendix:Intelligence,
    title = {{Appendix: Is there a simple algorithm for intelligence?}},
    year = {2018},
    url = {http://neuralnetworksanddeeplearning.com/sai.html}
}



@article{2018AFunction,
    title = {{A visual proof that neural nets can compute any function}},
    year = {2018},
    url = {http://neuralnetworksanddeeplearning.com/chap4.html}
}

@article{Ward2003SecondaryMachines,
    title = {{Secondary structure prediction with support vector machines}},
    year = {2003},
    journal = {Bioinformatics},
    author = {Ward, J. J. and McGuffin, L. J. and Buxton, B. F. and Jones, D. T.},
    isbn = {1367-4803 (Print){\textbackslash}r1367-4803 (Linking)},
    doi = {10.1093/bioinformatics/btg223},
    issn = {13674803},
    pmid = {12967961}
}

@article{HuaAApproach,
    title = {{A Novel Method of Protein Secondary Structure Prediction with High Segment Overlap Measure: Support Vector Machine Approach}},
    author = {Hua, Sujun and Sun, Zhirong},
    doi = {10.1006/jmbi.2001.4580},
    keywords = {protein secondary structure, protein structure prediction, supervised learning, support vector machine, the tertiary classi{\textregistered}er}
}

@article{Yang2016Sixty-fiveStretch,
    title = {{Sixty-five years of the long march in protein secondary structure prediction: the final stretch?}},
    year = {2016},
    journal = {Briefings in Bioinformatics},
    author = {Yang, Yuedong and Gao, Jianzhao and Wang, Jihua and Heffernan, Rhys and Hanson, Jack and Paliwal, Kuldip and Zhou, Yaoqi},
    doi = {10.1093/bib/bbw129},
    issn = {1467-5463},
    pmid = {28040746}
}

@inproceedings{Si2012AMaps,
    title = {{A machine learning approach for the identification of protein secondary structure elements from electron cryo-microscopy density maps}},
    year = {2012},
    booktitle = {Biopolymers},
    author = {Si, Dong and Ji, Shuiwang and Nasr, Kamal Al and He, Jing},
    isbn = {0006-3525 (Print) 0006-3525 (Linking)},
    doi = {10.1002/bip.22063},
    issn = {00063525},
    pmid = {22696406},
    keywords = {beta sheet, density map, electron cryo-microscopy, helix, local structure tensor, machine learning, protein, secondary structure}
}

@article{Baker2007IdentificationMaps,
    title = {{Identification of Secondary Structure Elements in Intermediate-Resolution Density Maps}},
    year = {2007},
    journal = {Structure},
    author = {Baker, Matthew L. and Ju, Tao and Chiu, Wah},
    isbn = {0969-2126},
    doi = {10.1016/j.str.2006.11.008},
    issn = {09692126},
    pmid = {17223528},
    arxivId = {NIHMS150003}
}

@inproceedings{Mendez2005AssessmentProcedures,
    title = {{Assessment of CAPRI predictions in Rounds 3-5 shows progress in docking procedures}},
    year = {2005},
    booktitle = {Proteins: Structure, Function and Genetics},
    author = {M{\'{e}}ndez, Raúl and Leplae, Raphaël and Lensink, Marc F. and Wodak, Shoshana J.},
    isbn = {1097-0134 (Electronic){\textbackslash}r0887-3585 (Linking)},
    doi = {10.1002/prot.20551},
    issn = {08873585},
    pmid = {15981261},
    keywords = {CAPRI, Conformational changes, Protein complexes, Protein docking, Protein-protein interactions}
}

@article{Martin2008EfficientMachines,
    title = {{Efficient comprehensive scoring of docked protein complexes using probabilistic support vector machines}},
    year = {2008},
    journal = {Proteins: Structure, Function and Genetics},
    author = {Martin, Oliver and Schomburg, Dietmar},
    isbn = {0887-3585},
    doi = {10.1002/prot.21603},
    issn = {08873585},
    pmid = {17894343},
    keywords = {FFT docking, Reranking, Scoring function, Supervised machine learning, Unbound-unbound protein-protein docking}
}

@article{Janin2010ProteinproteinExperiment,
    title = {{Protein–protein docking tested in blind predictions: the CAPRI experiment}},
    year = {2010},
    journal = {Molecular BioSystems},
    author = {Janin, Joël},
    isbn = {1742-206X},
    doi = {10.1039/c005060c},
    issn = {1742-206X},
    pmid = {20725658}
}

@article{Raucci2017StructureAffinity,
    title = {{Structure Local Interaction Signal Analysis predicts protein-protein binding affinity Local Interaction Signal Analysis predicts protein-protein binding affinity}},
    year = {2017},
    author = {Raucci, Raffaele and Laine, Elodie and Carbone, Alessandra},
    keywords = {Density Functional Theory, atom-atom contact, binding affinity, electron density, favorable contact, non-covalent interaction, non-favorable contact, non-interacting surface, protein-protein interaction, protein-protein interface, reduced density gradient}
}

@article{Vreven2015Updates2,
    title = {{Updates to the Integrated Protein-Protein Interaction Benchmarks: Docking Benchmark Version 5 and Affinity Benchmark Version 2}},
    year = {2015},
    journal = {Journal of Molecular Biology},
    author = {Vreven, Thom and Moal, Iain H. and Vangone, Anna and Pierce, Brian G. and Kastritis, Panagiotis L. and Torchala, Mieczyslaw and Chaleil, Raphael and Jim{\'{e}}nez-Garc{\'{i}}a, Brian and Bates, Paul A. and Fernandez-Recio, Juan and Bonvin, Alexandre M.J.J. and Weng, Zhiping},
    isbn = {1089-8638 (Electronic){\textbackslash}r0022-2836 (Linking)},
    doi = {10.1016/j.jmb.2015.07.016},
    issn = {10898638},
    pmid = {26231283},
    arxivId = {15334406},
    keywords = {antibodyantigen, binding free energy, conformational change, protein-protein complex structure, proteinprotein interface}
}

@article{Task,
    title = {{Task}}
}

@article{Iki2009PredictionForests,
    title = {{Prediction of Protein–Protein Interaction Sites in Sequences and 3D Structures by Random Forests}},
    year = {2009},
    journal = {PLoS Comput Biol},
    author = {Iki, Mile Š and Tomi, Sanja and Vlahovi{\v{c}}ek, Kristian},
    number = {1},
    volume = {5},
    doi = {10.1371/journal.pcbi.1000278}
}

@article{Taskb,
    title = {{Task}}
}

@article{Bradford2005ImprovedApproach,
    title = {{Improved prediction of protein-protein binding sites using a support vector machines approach}},
    year = {2005},
    journal = {Bioinformatics},
    author = {Bradford, James R. and Westhead, David R.},
    isbn = {1367-4803 (Print){\textbackslash}r1367-4803 (Linking)},
    doi = {10.1093/bioinformatics/bti242},
    issn = {13674803},
    pmid = {15613384}
}

@article{Taskc,
    title = {{Task}}
}

@article{Kinnings2011ARepurposing,
    title = {{A machine learning-based method to improve docking scoring functions and its application to drug repurposing}},
    year = {2011},
    journal = {Journal of Chemical Information and Modeling},
    author = {Kinnings, Sarah L. and Liu, Nina and Tonge, Peter J. and Jackson, Richard M. and Xie, Lei and Bourne, Philip E.},
    isbn = {1549-9596},
    doi = {10.1021/ci100369f},
    issn = {15499596},
    pmid = {21291174},
    arxivId = {NIHMS150003}
}

@article{Taskd,
    title = {{Task}}
}

@article{Shamim2007SupportPairs,
    title = {{Support Vector Machine-based classification of protein folds using the structural properties of amino acid residues and amino acid residue pairs}},
    year = {2007},
    journal = {Bioinformatics},
    author = {Shamim, Mohammad Tabrez Anwar and Anwaruddin, Mohammad and Nagarajaram, H.A.},
    doi = {10.1093/bioinformatics/btm527},
    issn = {1460-2059}
}

@article{Bioinf-2007-1112-File002,
    title = {{bioinf-2007-1112-File002}}
}

@article{Raphael2018ResearchBiology,
    title = {{Research in Computational Molecular Biology}},
    year = {2018},
    journal = {Proceedings},
    author = {Raphael, Benjamin J}
}

@article{PgfmanualCVS2012-11-04,
    title = {{pgfmanualCVS2012-11-04}}
}

@article{Karpathy2017DeepDescriptions,
    title = {{Deep Visual-Semantic Alignments for Generating Image Descriptions}},
    year = {2017},
    journal = {IEEE Transactions on Pattern Analysis and Machine Intelligence},
    author = {Karpathy, Andrej and Fei-Fei, Li},
    isbn = {9781467369640},
    doi = {10.1109/TPAMI.2016.2598339},
    issn = {01628828},
    pmid = {16873662},
    arxivId = {1412.2306},
    keywords = {Image captioning, deep neural networks, language model, recurrent neural network, visual-semantic embeddings}
}

@article{Vinyals2017ShowChallenge,
    title = {{Show and Tell: Lessons Learned from the 2015 MSCOCO Image Captioning Challenge}},
    year = {2017},
    journal = {IEEE Transactions on Pattern Analysis and Machine Intelligence},
    author = {Vinyals, Oriol and Toshev, Alexander and Bengio, Samy and Erhan, Dumitru},
    isbn = {0162-8828 VO - PP},
    doi = {10.1109/TPAMI.2016.2587640},
    issn = {01628828},
    pmid = {27392341},
    arxivId = {1609.06647},
    keywords = {Image captioning, language model, recurrent neural network, sequence-to-sequence}
}

@article{RozanovTheLine,
    title = {{The nestedness property of location problems on the line}},
    author = {Rozanov, Mark and Tamir, Arie},
    url = {https://doi.org/10.1007/s11750-018-0471-x},
    doi = {10.1007/s11750-018-0471-x},
    keywords = {Convex ordered median, Extensive facility, Location problem, Nestedness}
}

@article{RozanovSupervisor2016TheTree,
    title = {{The Nestedness Property of Convex Ordered Median Problem on a Tree}},
    year = {2016},
    author = {Rozanov Supervisor, Mark and Tamir, Arie}
}

@article{Collins-sussman2008Version,
    title = {{Version Control with Subversion ( Compiled from r3305 )}},
    year = {2008},
    journal = {ReVision},
    author = {Collins-sussman, Ben and Fitzpatrick, Brian W and Pilato, C Michael},
    pages = {407},
    volume = {5},
    url = {http://svnbook.red-bean.com/},
    isbn = {978-0-596-55752-2},
    doi = {10.1081/E-ELIS3-120044663},
    issn = {14653648},
    pmid = {22419688}
}

@article{Huang2010EXTENDINGCODE,
    title = {{EXTENDING UCSF CHIMERA WITH PYTHON CODE}},
    year = {2010},
    author = {Huang, Conrad}
}

@article{June2010EHIMERA,
    title = {{E XTENDING UCSF C HIMERA}},
    year = {2010},
    author = {June, Conrad Huang},
    number = {June}
}

@article{Shelhamer2017FullySegmentation,
  title={Fully convolutional networks for semantic segmentation},
  author={Long, Jonathan and Shelhamer, Evan and Darrell, Trevor},
  booktitle={Proceedings of the IEEE conference on computer vision and pattern recognition},
  pages={3431--3440},
  year={2015}
}

@inproceedings{Long2015FullySegmentation,
  title={Fully convolutional networks for semantic segmentation},
  author={Long, Jonathan and Shelhamer, Evan and Darrell, Trevor},
  booktitle={Proc. IEEE CVPR},
  pages={3431--3440},
  year={2015}
}


@article{UijlingsSelectiveRecognition,
    title = {{Selective Search for Object Recognition}},
    author = {Uijlings, J R R and Van De Sande, K E A and Gevers, T and Smeulders, A W M},
    keywords = {()}
}

@article{Cheng2015AMicroscopy,
    title = {{A primer to single-particle cryo-electron microscopy}},
    year = {2015},
    journal = {Cell},
    author = {Cheng, Yifan and Grigorieff, Nikolaus and Penczek, Pawel A. and Walz, Thomas},
    number = {3},
    pages = {439--449},
    volume = {161},
    publisher = {Elsevier Inc.},
    url = {http://dx.doi.org/10.1016/j.cell.2015.03.050},
    isbn = {1121003109},
    doi = {10.1016/j.cell.2015.03.050},
    issn = {10974172},
    pmid = {25910204},
    arxivId = {15334406}
}


@article{Murata2018Cryo-electronMacromolecules,
    title = {{Cryo-electron microscopy for structural analysis of dynamic biological macromolecules}},
    year = {2018},
    journal = {Biochimica et Biophysica Acta - General Subjects},
    author = {Murata, Kazuyoshi and Wolf, Matthias},
    number = {2},
    pages = {324--334},
    volume = {1862},
    publisher = {Elsevier},
    url = {https://doi.org/10.1016/j.bbagen.2017.07.020},
    isbn = {0304-4165},
    doi = {10.1016/j.bbagen.2017.07.020},
    issn = {18728006},
    pmid = {28756276},
    keywords = {Cryo-electron tomography, Electron cryomicroscopy, Molecular dynamics, Protein structure, Single particle 3D reconstruction}
}

@article{Kamnitsas2017EfficientSegmentation,
    title = {{Efficient multi-scale 3D CNN with fully connected CRF for accurate brain lesion segmentation}},
    year = {2017},
    journal = {Medical Image Analysis},
    author = {Kamnitsas, Konstantinos and Ledig, Christian and Newcombe, Virginia F.J. and Simpson, Joanna P. and Kane, Andrew D. and Menon, David K. and Rueckert, Daniel and Glocker, Ben},
    pages = {61--78},
    volume = {36},
    publisher = {Elsevier B.V.},
    url = {http://dx.doi.org/10.1016/j.media.2016.10.004},
    isbn = {1662-4548 (Print){\textbackslash}r1662-453X (Linking)},
    doi = {10.1016/j.media.2016.10.004},
    issn = {13618423},
    pmid = {25191215},
    arxivId = {1603.05959},
    keywords = {3D convolutional neural network, Brain lesions, Deep learning, Fully connected CRF, Segmentation}
}

@article{FelzenszwalbEfficientSegmentation,
    title = {{Efficient Graph-Based Image Segmentation}},
    author = {Felzenszwalb, Pedro F and Huttenlocher, Daniel P},
    keywords = {clustering, graph algorithm, image segmentation, perceptual organization}
}

@article{Nogales2015Cryo-EM:Complexity,
    title = {{Cryo-EM: A Unique Tool for the Visualization of Macromolecular Complexity}},
    year = {2015},
    journal = {Molecular Cell},
    author = {Nogales, Eva and Scheres, Sjors H.W.},
    number = {4},
    pages = {677--689},
    volume = {58},
    isbn = {1097-4164 (Electronic){\textbackslash}r1097-2765 (Linking)},
    doi = {10.1016/j.molcel.2015.02.019},
    issn = {10974164},
    pmid = {26000851},
    arxivId = {15334406}
}

@article{Key2014KeyboardCode,
    title = {{Keyboard shortcuts Visual Studio Code}},
    year = {2014},
    author = {Key, Shortcut}
}

@article{2018LaTeXSymbols,
    title = {{LaTeX Math Symbols}},
    year = {2018},
    url = {http://web.ift.uib.no/Teori/KURS/WRK/TeX/symALL.html}
}

@article{Eriksson2003TutorialOn,
    title = {{Tutorial on}},
    year = {2003},
    journal = {Linguistics},
    author = {Eriksson, Anders},
    number = {2002},
    pages = {1--14}
}

@article{1147.full,
    title = {{1147.full}}
}

@article{Liu20162.9Particles,
    title = {{2.9 {\AA} Resolution Cryo-EM 3D Reconstruction of Close-Packed Virus Particles}},
    year = {2016},
    journal = {Structure},
    author = {Liu, Zheng and Guo, Fei and Wang, Feng and Li, Tian Cheng and Jiang, Wen},
    isbn = {0969-2126},
    doi = {10.1016/j.str.2015.12.006},
    issn = {18784186},
    pmid = {26777413},
    keywords = {consensus criterion, cross-validation, de novo initial model, gold-standard FSC, single particle cryo-EM, true FSC}
}

@article{Emsley2004Coot:Graphics,
    title = {{Coot: Model-building tools for molecular graphics}},
    year = {2004},
    journal = {Acta Crystallographica Section D: Biological Crystallography},
    author = {Emsley, Paul and Cowtan, Kevin},
    isbn = {0907-4449 (Print){\textbackslash}n0907-4449 (Linking)},
    doi = {10.1107/S0907444904019158},
    issn = {09074449},
    pmid = {15572765}
}

@article{Adams2010PHENIX:Solution,
    title = {{PHENIX: A comprehensive Python-based system for macromolecular structure solution}},
    year = {2010},
    journal = {Acta Crystallographica Section D: Biological Crystallography},
    author = {Adams, Paul D. and Afonine, Pavel V. and Bunk{\'{o}}czi, Gábor and Chen, Vincent B. and Davis, Ian W. and Echols, Nathaniel and Headd, Jeffrey J. and Hung, Li Wei and Kapral, Gary J. and Grosse-Kunstleve, Ralf W. and McCoy, Airlie J. and Moriarty, Nigel W. and Oeffner, Robert and Read, Randy J. and Richardson, David C. and Richardson, Jane S. and Terwilliger, Thomas C. and Zwart, Peter H.},
    isbn = {0907-4449},
    doi = {10.1107/S0907444909052925},
    issn = {09074449},
    pmid = {20124702}
}

@article{Cowtan2006TheChains,
    title = {{The Buccaneer software for automated model building. 1. Tracing protein chains}},
    year = {2006},
    journal = {Acta Crystallographica Section D: Biological Crystallography},
    author = {Cowtan, Kevin},
    isbn = {0907-4449},
    doi = {10.1107/S0907444906022116},
    issn = {09074449},
    pmid = {16929101}
}

@article{Murshudov2011REFMAC5Structures,
    title = {{REFMAC5 for the refinement of macromolecular crystal structures}},
    year = {2011},
    journal = {Acta Crystallographica Section D: Biological Crystallography},
    author = {Murshudov, Garib N. and Skub{\'{a}}k, Pavol and Lebedev, Andrey A. and Pannu, Navraj S. and Steiner, Roberto A. and Nicholls, Robert A. and Winn, Martyn D. and Long, Fei and Vagin, Alexei A.},
    isbn = {0907444911001},
    doi = {10.1107/S0907444911001314},
    issn = {09074449},
    pmid = {21460454},
    keywords = {REFMAC5, refinement}
}

@article{Brown2015ToolsReconstructions,
    title = {{Tools for macromolecular model building and refinement into electron cryo-microscopy reconstructions}},
    year = {2015},
    journal = {Acta Crystallographica Section D: Biological Crystallography},
    author = {Brown, Alan and Long, Fei and Nicholls, Robert A. and Toots, Jaan and Emsley, Paul and Murshudov, Garib},
    isbn = {1399-0047},
    doi = {10.1107/S1399004714021683},
    issn = {13990047},
    pmid = {25615868},
    keywords = {LIBG Crystallography and complementary methods, electron cryo-microscopy reconstructions, model building, refinement}
}

@misc{Chollet2015Keras,
  title={Keras},
  author={Chollet, Fran{\c{c}}ois and others},
  year={2015}
}


@article{Jiang2015AtomicTranslocation,
    title = {{Atomic structure of anthrax protective antigen pore elucidates toxin translocation}},
    year = {2015},
    journal = {Nature},
    author = {Jiang, Jiansen and Pentelute, Bradley L. and Collier, R. John and Hong Zhou, Z.},
    isbn = {0028-0836},
    doi = {10.1038/nature14247},
    issn = {14764687},
    pmid = {25778700},
    arxivId = {15334406}
}

@article{Bartesaghi20152.2Inhibitor,
    title = {{2.2  A resolution cryo-EM structure of {$\beta$}-galactosidase in complex with a cell-permeant inhibitor}},
    year = {2015},
    journal = {Science},
    author = {Bartesaghi, Alberto and Merk, Alan and Banerjee, Soojay and Matthies, Doreen and Wu, Xiongwu and Milne, Jacqueline L S and Subramaniam, Sriram},
    number = {6239},
    pages = {1147--1151},
    volume = {348},
    publisher = {American Association for the Advancement of Science},
    url = {http://science.sciencemag.org/content/348/6239/1147},
    doi = {10.1126/science.aab1576},
    issn = {0036-8075}
}

@techreport{Chothial1986TheProteins,
    title = {{The relation between the divergence of sequence and structure in proteins}},
    year = {1986},
    booktitle = {The EMBO Journal},
    author = {Chothial, Cyrus and Lesk2, Arthur M and Perutz, M F},
    number = {4},
    pages = {823--826},
    volume = {5},
    keywords = {evolution/protein homology/model building}
}

@misc{Schmidt2014ModellingDesign,
    title = {{Modelling three-dimensional protein structures for applications in drug design}},
    year = {2014},
    booktitle = {Drug Discovery Today},
    author = {Schmidt, Tobias and Bergner, Andreas and Schwede, Torsten},
    isbn = {1359-6446},
    doi = {10.1016/j.drudis.2013.10.027},
    issn = {18785832},
    pmid = {24216321},
    arxivId = {NIHMS150003}
}

@article{Mariani2011AssessmentCASP9,
    title = {{Assessment of template based protein structure predictions in CASP9}},
    year = {2011},
    journal = {Proteins: Structure, Function and Bioinformatics},
    author = {Mariani, Valerio and Kiefer, Florian and Schmidt, Tobias and Haas, Juergen and Schwede, Torsten},
    isbn = {1097-0134 (Electronic){\textbackslash}r0887-3585 (Linking)},
    doi = {10.1002/prot.23177},
    issn = {08873585},
    pmid = {22002823},
    keywords = {CASP, Evaluation, Protein structure, Structure prediction}
}

@article{Shapovalov2011ARegressions,
  title={A smoothed backbone-dependent rotamer library for proteins derived from adaptive kernel density estimates and regressions},
  author={Shapovalov, Maxim V and Dunbrack Jr, Roland L},
  journal={Structure},
  volume={19},
  number={6},
  pages={844--858},
  year={2011},
  publisher={Elsevier}
}

@article{Fan2009MolecularProteins,
    title = {{Molecular docking screens using comparative models of proteins}},
    year = {2009},
    journal = {Journal of Chemical Information and Modeling},
    author = {Fan, Hao and Irwin, John J. and Webb, Benjamin M. and Klebe, Gerhard and Shoichet, Brian K. and Sali, Andrej},
    isbn = {1549-960X (Electronic){\textbackslash}r1549-9596 (Linking)},
    doi = {10.1021/ci9003706},
    issn = {15499596},
    pmid = {19845314}
}

@article{Kallberg2012Template-basedServer,
    title = {{Template-based protein structure modeling using the RaptorX web server}},
    year = {2012},
    journal = {Nature Protocols},
    author = {K{\"{a}}llberg, Morten and Wang, Haipeng and Wang, Sheng and Peng, Jian and Wang, Zhiyong and Lu, Hui and Xu, Jinbo},
    isbn = {1750-2799 (Electronic){\textbackslash}r1750-2799 (Linking)},
    doi = {10.1038/nprot.2012.085},
    issn = {17542189},
    pmid = {22814390}
}

@article{Y.LeCunB.BoserJ.S.DenkerD.HendersonR.E.Howard1989BackpropagationRecognition,
  title={Backpropagation applied to handwritten zip code recognition},
  author={LeCun, Yann and Boser, Bernhard and Denker, John S and Henderson, Donnie and Howard, Richard E and Hubbard, Wayne and Jackel, Lawrence D},
  journal={Neural computation},
  volume={1},
  number={4},
  pages={541--551},
  year={1989},
  publisher={MIT Press}
}


@techreport{ChenDETECTIONMACHINES,
    title = {{DETECTION AND IDENTIFICATION OF MACROMOLECULAR COMPLEXES IN CRYO-ELECTRON TOMOGRAMS USING SUPPORT VECTOR MACHINES}},
    author = {Chen, Yuxiang and Hrabe, Thomas and Pfeffer, Stefan and Pauly, Olivier and Mateus, Diana and Navab, Nassir and F{\"{o}}rster, Friedrich},
    keywords = {Index Terms-Cryo-electron tomography, spherical harmonics, support vector machines, template matching}
}

@article{Sirinukunwattana2016LocalityImages,
  title={Locality sensitive deep learning for detection and classification of nuclei in routine colon cancer histology images},
  author={Sirinukunwattana, Korsuk and Raza, Shan E Ahmed and Tsang, Yee-Wah and Snead, David RJ and Cree, Ian A and Rajpoot, Nasir M},
  journal={IEEE Trans. Med. Imaging},
  volume={35},
  number={5},
  pages={1196--1206},
  year={2016},
  publisher={IEEE}
}

@inproceedings{xie2015beyond,
  title={Beyond classification: structured regression for robust cell detection using convolutional neural network},
  author={Xie, Yuanpu and Xing, Fuyong and Kong, Xiangfei and Su, Hai and Yang, Lin},
  booktitle={Int. Conf. Med. Image Comp. and Comp Assisted Intervention},
  pages={358--365},
  year={2015},
  organization={Springer}
  }

@inproceedings{Li2014DeepDiagnosis,
  title={Deep learning based imaging data completion for improved brain disease diagnosis},
  author={Li, Rongjian and Zhang, Wenlu and Suk, Heung-Il and Wang, Li and Li, Jiang and Shen, Dinggang and Ji, Shuiwang},
  booktitle={Int. Conf. Med. Image Comp. and Comp. Assisted Intervention},
  pages={305--312},
  year={2014},
  organization={Springer}
}

@inproceedings{Liao2013RepresentationSegmentation,
  title={Representation learning: a unified deep learning framework for automatic prostate MR segmentation},
  author={Liao, Shu and Gao, Yaozong and Oto, Aytekin and Shen, Dinggang},
  booktitle={Int. Conf. Med. Image Comp. and Comp.Assisted Intervention},
  pages={254--261},
  year={2013},
  organization={Springer}
}


@article{Torng20173DAnalysis,
    title = {{3D deep convolutional neural networks for amino acid environment similarity analysis}},
    year = {2017},
    journal = {BMC Bioinformatics},
    author = {Torng, Wen and Altman, Russ B.},
    doi = {10.1186/s12859-017-1702-0},
    issn = {14712105},
    pmid = {28615003},
    keywords = {Amino acid similarities, Convolutional neural network, Deep learning, Mutation analysis, Protein structural analysis, Structural bioinformatics}
}

@article{Fawcett2006AnAnalysis,
    title = {{An introduction to ROC analysis}},
    year = {2006},
    journal = {Pattern Recognition Letters},
    author = {Fawcett, Tom},
    number = {8},
    pages = {861--874},
    volume = {27},
    publisher = {North-Holland},
    url = {https://www.sciencedirect.com/science/article/pii/S016786550500303X},
    doi = {10.1016/J.PATREC.2005.10.010},
    issn = {0167-8655}
}


@inproceedings{Guo2017OnNetworks,
  title={On calibration of modern neural networks},
  author={Guo, Chuan and Pleiss, Geoff and Sun, Yu and Weinberger, Kilian Q},
  booktitle={Proceedings of the 34th Int. Conf. on Machine Learning},
  year={2017},
}

@article{Towse2016NewPropensities,
  title={New dynamic rotamer libraries: data-driven analysis of side-chain conformational propensities},
  author={Towse, Clare-Louise and Rysavy, Steven J and Vulovic, Ivan M and Daggett, Valerie},
  journal={Structure},
  volume={24},
  number={1},
  pages={187--199},
  year={2016},
  publisher={Elsevier}
}


@article{Merk2016BreakingDiscovery,
  title={Breaking cryo-EM resolution barriers to facilitate drug discovery},
  author={Merk, Alan and Bartesaghi, Alberto and Banerjee, Soojay and Falconieri, Veronica and Rao, Prashant and Davis, Mindy I and Pragani, Rajan and Boxer, Matthew B and Earl, Lesley A and Milne, Jacqueline LS and others},
  journal={Cell},
  volume={165},
  number={7},
  pages={1698--1707},
  year={2016},
  publisher={Elsevier}
}

@article{Dong2017Antibody-inducedB14,
  title={Antibody-induced uncoating of human rhinovirus B14},
  author={Dong, Yangchao and Liu, Yue and Jiang, Wen and Smith, Thomas J and Xu, Zhikai and Rossmann, Michael G},
  journal={Proc. Natl. Acad. Sci.},
  volume={114},
  number={30},
  pages={8017--8022},
  year={2017}
  }


@article{jiang2015atomic,
  title={Atomic structure of anthrax protective antigen pore elucidates toxin translocation},
  author={Jiang, Jiansen and Pentelute, Bradley L and Collier, R John and Zhou, Z Hong},
  journal={Nature},
  volume={521},
  number={7553},
  pages={545},
  year={2015},
  publisher={Nature Publishing Group}
}

@article{Jiang2016StructuresCleavageb,
    title = {{Structures of a CRISPR-Cas9 R-loop complex primed for DNA cleavage}},
    year = {2016},
    journal = {Science},
    author = {Jiang, Fuguo and Taylor, David W. and Chen, Janice S. and Kornfeld, Jack E. and Zhou, Kaihong and Thompson, Aubri J. and Nogales, Eva and Doudna, Jennifer A.},
    isbn = {0907444900005},
    doi = {10.1126/science.aad8282},
    issn = {10959203},
    pmid = {26841432},
    arxivId = {arXiv:1011.1669v3}
}

@article{Banerjee20162.3Inhibition,
  title={2.3 {\AA} resolution cryo-EM structure of human p97 and mechanism of allosteric inhibition},
  author={Banerjee, Soojay and Bartesaghi, Alberto and Merk, Alan and Rao, Prashant and Bulfer, Stacie L and Yan, Yongzhao and Green, Neal and Mroczkowski, Barbara and Neitz, R Jeffrey and Wipf, Peter and others},
  journal={Science},
  pages={871--875},
  year={2016}
}

@article{Bokori-Brown2016Cryo-EMProtein,
  title={Cryo-EM structure of lysenin pore elucidates membrane insertion by an aerolysin family protein},
  author={Bokori-Brown, Monika and Martin, Thomas G and Naylor, Claire E and Basak, Ajit K and Titball, Richard W and Savva, Christos G},
  journal={Nature Commun.},
  volume={7},
  pages={11293},
  year={2016}
  }


@article{Jiang2015AtomicTranslocationb,
    title = {{Atomic structure of anthrax protective antigen pore elucidates toxin translocation}},
    year = {2015},
    journal = {Nature},
    author = {Jiang, Jiansen and Pentelute, Bradley L. and Collier, R. John and Hong Zhou, Z.},
    isbn = {0028-0836},
    doi = {10.1038/nature14247},
    issn = {14764687},
    pmid = {25778700},
    arxivId = {15334406}
}

@article{Pettersen2004UCSFAnalysis,
  title={UCSF Chimera - a visualization system for exploratory research and analysis},
  author={Pettersen, Eric F and Goddard, Thomas D and Huang, Conrad C and Couch, Gregory S and Greenblatt, Daniel M and Meng, Elaine C and Ferrin, Thomas E},
  journal={J.Comp. Chem.},
  volume={25},
  number={13},
  pages={1605--1612},
  year={2004},
  publisher={Wiley Online Library}
}

@article{Lawson2016EMDataBank3DEM,
  title={EMDataBank unified data resource for 3DEM},
  author={Lawson, Catherine L and Patwardhan, Ardan and Baker, Matthew L and Hryc, Corey and Garcia, Eduardo Sanz and Hudson, Brian P and Lagerstedt, Ingvar and Ludtke, Steven J and Pintilie, Grigore and Sala, Raul and others},
  journal={Nucleic acids research},
  volume={44},
  number={D1},
  pages={D396--D403},
  year={2015},
  publisher={Oxford University Press}
}

@book{Goodfellow2016DeepLearning,
    title = {{Deep Learning}},
    year = {2016},
    author = {Goodfellow, Ian and Bengio, Yoshua and Courville, Aaron},
    publisher = {MIT Press}
}

@book{Nielsen2015NeuralLearning,
    title = {{Neural Networks and Deep Learning}},
    year = {2015},
    author = {Nielsen, Michael A},
    publisher = {Determination Press}
}

@article{Naseem2010LinearRecognition,
  title={Linear regression for face recognition},
  author={Naseem, Imran and Togneri, Roberto and Bennamoun, Mohammed},
  journal={IEEE Trans. Pattern Anal. Mach. Intell},
  volume={32},
  number={11},
  pages={2106--2112},
  year={2010},
  publisher={IEEE}
}

@article{lasker2007ematch,
  title={EMatch: discovery of high resolution structural homologues of protein domains in intermediate resolution cryo-EM maps},
  author={Lasker, Keren and Dror, Oranit and Shatsky, Maxim and Nussinov, Ruth and Wolfson, Haim J},
  journal={IEEE/ACM TCBB},
  volume={4},
  number={1},
  pages={28--39},
  year={2007}
  
   }

@article{lasker2009inferential,
  title={Inferential optimization for simultaneous fitting of multiple components into a CryoEM map of their assembly},
  author={Lasker, Keren and Topf, Maya and Sali, Andrej and Wolfson, Haim J},
  journal={J. Mol. Biol.},
  volume={388},
  number={1},
  pages={180--194},
  year={2009}
  }
  
  @article{kuhlbrandt2014resolution,
  title={The resolution revolution},
  author={K{\"u}hlbrandt, Werner},
  journal={Science},
  volume={343},
  number={6178},
  pages={1443--1444},
  year={2014}
  }
  
  @article{wang2015novo,
  title={De novo protein structure determination from near-atomic-resolution cryo-EM maps},
  author={Wang, Ray Yu-Ruei and Kudryashev, Mikhail and Li, Xueming and Egelman, Edward H and Basler, Marek and Cheng, Yifan and Baker, David and DiMaio, Frank},
  journal={Nature methods},
  volume={12},
  number={4},
  pages={335--338},
  year={2015},
  publisher={Nature Publishing Group}
}