@article{Bartesaghi2015,
    title = {{2.2  A resolution cryo-EM structure of {$\beta$}-galactosidase in complex with a cell-permeant inhibitor}},
    year = {2015},
    journal = {Science},
    author = {Bartesaghi, Alberto and Merk, Alan and Banerjee, Soojay and Matthies, Doreen and Wu, Xiongwu and Milne, Jacqueline L S and Subramaniam, Sriram},
    number = {6239},
    pages = {1147--1151},
    volume = {348},
    publisher = {American Association for the Advancement of Science},
    url = {http://science.sciencemag.org/content/348/6239/1147},
    doi = {10.1126/science.aab1576},
    issn = {0036-8075}
}

@article{Banerjee2016,
    title = {{2.3 {\AA} resolution cryo-EM structure of human p97 and mechanism of allosteric inhibition}},
    year = {2016},
    journal = {Science},
    author = {Banerjee, Soojay and Bartesaghi, Alberto and Merk, Alan and Rao, Prashant and Bulfer, Stacie L. and Yan, Yongzhao and Green, Neal and Mroczkowski, Barbara and Neitz, R. Jeffrey and Wipf, Peter and Falconieri, Veronica and Deshaies, Raymond J. and Milne, Jacqueline L.S. and Huryn, Donna and Arkin, Michelle and Subramaniam, Sriram},
    isbn = {1095-9203 (Electronic) 0036-8075 (Linking)},
    doi = {10.1126/science.aad7974},
    issn = {10959203},
    pmid = {26822609},
    arxivId = {1011.1669}
}

@article{Liu2016,
    title = {{2.9 {\AA} Resolution Cryo-EM 3D Reconstruction of Close-Packed Virus Particles}},
    year = {2016},
    journal = {Structure},
    author = {Liu, Zheng and Guo, Fei and Wang, Feng and Li, Tian Cheng and Jiang, Wen},
    isbn = {0969-2126},
    doi = {10.1016/j.str.2015.12.006},
    issn = {18784186},
    pmid = {26777413},
    keywords = {consensus criterion, cross-validation, de novo initial model, gold-standard FSC, single particle cryo-EM, true FSC}
}

@article{Torng2017,
    title = {{3D deep convolutional neural networks for amino acid environment similarity analysis}},
    year = {2017},
    journal = {BMC Bioinformatics},
    author = {Torng, Wen and Altman, Russ B.},
    doi = {10.1186/s12859-017-1702-0},
    issn = {14712105},
    pmid = {28615003},
    keywords = {Amino acid similarities, Convolutional neural network, Deep learning, Mutation analysis, Protein structural analysis, Structural bioinformatics}
}

@article{Li,
    title = {{A Convolutional Neural Network Cascade for Face Detection}},
    author = {Li, Haoxiang and Lin, Zhe and Shen, Xiaohui and Brandt, Jonathan}
}

@inproceedings{Si2012a,
    title = {{A machine learning approach for the identification of protein secondary structure elements from electron cryo-microscopy density maps}},
    year = {2012},
    booktitle = {Biopolymers},
    author = {Si, Dong and Ji, Shuiwang and Nasr, Kamal Al and He, Jing},
    isbn = {0006-3525 (Print) 0006-3525 (Linking)},
    doi = {10.1002/bip.22063},
    issn = {00063525},
    pmid = {22696406},
    keywords = {beta sheet, density map, electron cryo-microscopy, helix, local structure tensor, machine learning, protein, secondary structure}
}

@inproceedings{Si2012,
    title = {{A machine learning approach for the identification of protein secondary structure elements from electron cryo-microscopy density maps}},
    year = {2012},
    booktitle = {Biopolymers},
    author = {Si, Dong and Ji, Shuiwang and Nasr, Kamal Al and He, Jing},
    isbn = {0006-3525 (Print) 0006-3525 (Linking)},
    doi = {10.1002/bip.22063},
    issn = {00063525},
    pmid = {22696406},
    keywords = {beta sheet, density map, electron cryo-microscopy, helix, local structure tensor, machine learning, protein, secondary structure}
}

@article{doi:10.1002/bip.22063,
    title = {{A Machine Learning Approach for the Identification of Protein Secondary Structure Elements from Electron Cryo-Microscopy Density Maps}},
    year = {2012},
    journal = {Biopolymers},
    author = {Si, Dong and Ji, Shuiwang and Nasr, Kamal Al and He, Jing},
    number = {9},
    pages = {698--708},
    volume = {97},
    url = {https://onlinelibrary.wiley.com/doi/abs/10.1002/bip.22063},
    doi = {10.1002/bip.22063},
    keywords = {beta sheet, density map, electron cryo-microscopy, helix, local structure tensor, machine learning, protein, secondary structure}
}

@article{Kinnings2011,
    title = {{A machine learning-based method to improve docking scoring functions and its application to drug repurposing}},
    year = {2011},
    journal = {Journal of Chemical Information and Modeling},
    author = {Kinnings, Sarah L. and Liu, Nina and Tonge, Peter J. and Jackson, Richard M. and Xie, Lei and Bourne, Philip E.},
    isbn = {1549-9596},
    doi = {10.1021/ci100369f},
    issn = {15499596},
    pmid = {21291174},
    arxivId = {NIHMS150003}
}

@article{Hua,
    title = {{A Novel Method of Protein Secondary Structure Prediction with High Segment Overlap Measure: Support Vector Machine Approach}},
    author = {Hua, Sujun and Sun, Zhirong},
    doi = {10.1006/jmbi.2001.4580},
    keywords = {protein secondary structure, protein structure prediction, supervised learning, support vector machine, the tertiary classi{\textregistered}er}
}

@article{Cheng2015,
    title = {{A primer to single-particle cryo-electron microscopy}},
    year = {2015},
    journal = {Cell},
    author = {Cheng, Yifan and Grigorieff, Nikolaus and Penczek, Pawel A. and Walz, Thomas},
    number = {3},
    pages = {439--449},
    volume = {161},
    publisher = {Elsevier Inc.},
    url = {http://dx.doi.org/10.1016/j.cell.2015.03.050},
    isbn = {1121003109},
    doi = {10.1016/j.cell.2015.03.050},
    issn = {10974172},
    pmid = {25910204},
    arxivId = {15334406}
}

@article{Yu2015,
    title = {{A putative ATPase mediates RNA transcription and capping in a dsRNA virus}},
    year = {2015},
    journal = {eLife},
    author = {Yu, Xuekui and Jiang, Jiansen and Sun, Jingchen and Zhou, Z. Hong},
    isbn = {2050-084X (Electronic)
2050-084X (Linking)},
    doi = {10.7554/eLife.07901},
    issn = {2050084X},
    pmid = {26240998}
}

@article{Shapovalov2011,
    title = {{A smoothed backbone-dependent rotamer library for proteins derived from adaptive kernel density estimates and regressions}},
    year = {2011},
    journal = {Structure},
    author = {Shapovalov, Maxim V. and Dunbrack, Roland L.},
    isbn = {1878-4186 (Electronic){\textbackslash}r0969-2126 (Linking)},
    doi = {10.1016/j.str.2011.03.019},
    issn = {09692126},
    pmid = {21645855}
}

@article{Shapovalov2011a,
    title = {{A smoothed backbone-dependent rotamer library for proteins derived from adaptive kernel density estimates and regressions}},
    year = {2011},
    journal = {Structure},
    author = {Shapovalov, Maxim V. and Dunbrack, Roland L.},
    isbn = {1878-4186 (Electronic){\textbackslash}r0969-2126 (Linking)},
    doi = {10.1016/j.str.2011.03.019},
    issn = {09692126},
    pmid = {21645855}
}

@misc{Pan2010,
    title = {{A survey on transfer learning}},
    year = {2010},
    booktitle = {IEEE Transactions on Knowledge and Data Engineering},
    author = {Pan, Sinno Jialin and Yang, Qiang},
    isbn = {1041-4347 VO - 22},
    doi = {10.1109/TKDE.2009.191},
    issn = {10414347},
    pmid = {22120249},
    arxivId = {PAI},
    keywords = {Transfer learning, data mining., machine learning, survey}
}

@inproceedings{Tzeng2017,
    title = {{Adversarial discriminative domain adaptation}},
    year = {2017},
    booktitle = {Proceedings - 30th IEEE Conference on Computer Vision and Pattern Recognition, CVPR 2017},
    author = {Tzeng, Eric and Hoffman, Judy and Saenko, Kate and Darrell, Trevor},
    isbn = {9781538604571},
    doi = {10.1109/CVPR.2017.316},
    issn = {0733-2467},
    pmid = {26428148},
    arxivId = {1809.03625}
}

@techreport{Lichtarge1996,
    title = {{An Evolutionary Trace Method Defines Binding Surfaces Common to Protein Families}},
    year = {1996},
    booktitle = {J. Mol. Biol},
    author = {Lichtarge, Olivier and Bourne, Henry R and Cohen, Fred E},
    pages = {342--358},
    volume = {257}
}

@article{Fawcett2006,
    title = {{An introduction to ROC analysis}},
    year = {2006},
    journal = {Pattern Recognition Letters},
    author = {Fawcett, Tom},
    number = {8},
    month = {6},
    pages = {861--874},
    volume = {27},
    publisher = {North-Holland},
    url = {https://www.sciencedirect.com/science/article/pii/S016786550500303X},
    doi = {10.1016/J.PATREC.2005.10.010},
    issn = {0167-8655}
}

@article{Dong2017,
    title = {{Antibody-induced uncoating of human rhinovirus B14}},
    year = {2017},
    journal = {Proceedings of the National Academy of Sciences},
    author = {Dong, Yangchao and Liu, Yue and Jiang, Wen and Smith, Thomas J. and Xu, Zhikai and Rossmann, Michael G.},
    doi = {10.1073/pnas.1707369114},
    issn = {0027-8424},
    pmid = {28696310}
}

@article{Mendez2003,
    title = {{Assessment of blind predictions of protein-protein interactions: Current status of docking methods}},
    year = {2003},
    journal = {Proteins: Structure, Function and Genetics},
    author = {M{\'{e}}ndez, Raúl and Leplae, Raphaël and De Maria, Leonardo and Wodak, Shoshana J.},
    isbn = {1097-0134 (Electronic){\textbackslash}r0887-3585 (Linking)},
    doi = {10.1002/prot.10393},
    issn = {08873585},
    pmid = {12784368},
    keywords = {Interface residues, Residue-residue contacts, Structure predictions}
}

@inproceedings{Mendez2005,
    title = {{Assessment of CAPRI predictions in Rounds 3-5 shows progress in docking procedures}},
    year = {2005},
    booktitle = {Proteins: Structure, Function and Genetics},
    author = {M{\'{e}}ndez, Raúl and Leplae, Raphaël and Lensink, Marc F. and Wodak, Shoshana J.},
    isbn = {1097-0134 (Electronic){\textbackslash}r0887-3585 (Linking)},
    doi = {10.1002/prot.20551},
    issn = {08873585},
    pmid = {15981261},
    keywords = {CAPRI, Conformational changes, Protein complexes, Protein docking, Protein-protein interactions}
}

@article{Mariani2011,
    title = {{Assessment of template based protein structure predictions in CASP9}},
    year = {2011},
    journal = {Proteins: Structure, Function and Bioinformatics},
    author = {Mariani, Valerio and Kiefer, Florian and Schmidt, Tobias and Haas, Juergen and Schwede, Torsten},
    isbn = {1097-0134 (Electronic){\textbackslash}r0887-3585 (Linking)},
    doi = {10.1002/prot.23177},
    issn = {08873585},
    pmid = {22002823},
    keywords = {CASP, Evaluation, Protein structure, Structure prediction}
}

@article{Jiang2015,
    title = {{Atomic structure of anthrax protective antigen pore elucidates toxin translocation}},
    year = {2015},
    journal = {Nature},
    author = {Jiang, Jiansen and Pentelute, Bradley L. and Collier, R. John and Hong Zhou, Z.},
    isbn = {0028-0836},
    doi = {10.1038/nature14247},
    issn = {14764687},
    pmid = {25778700},
    arxivId = {15334406}
}

@article{Jiang2015a,
    title = {{Atomic structure of anthrax protective antigen pore elucidates toxin translocation}},
    year = {2015},
    journal = {Nature},
    author = {Jiang, Jiansen and Pentelute, Bradley L. and Collier, R. John and Hong Zhou, Z.},
    isbn = {0028-0836},
    doi = {10.1038/nature14247},
    issn = {14764687},
    pmid = {25778700},
    arxivId = {15334406}
}

@article{Fujiwara2017,
    title = {{Auto Encoding Variational Bayes}},
    year = {2017},
    journal = {NeuroImage},
    author = {Fujiwara, Yusuke and Matsumoto, Riki and Nakae, Takuro and Usami, Kiyohide and Matsuhashi, Masao and Kikuchi, Takayuki and Yoshida, Kazumichi and Kunieda, Takeharu and Miyamoto, Susumu and Mima, Tatsuya and Ikeda, Akio and Osu, Rieko},
    number = {Ml},
    pages = {302--313},
    volume = {147},
    isbn = {1312.6114v10},
    doi = {10.1016/j.neuroimage.2016.11.058},
    issn = {10959572},
    pmid = {23459267},
    arxivId = {1312.6114v10},
    keywords = {Decoding, ECoG, High gamma, Ipsilateral movement, Precentral motor cortex}
}

@article{Tu2010,
    title = {{Auto-context and its application to high-level vision tasks and 3D brain image segmentation}},
    year = {2010},
    journal = {IEEE Transactions on Pattern Analysis and Machine Intelligence},
    author = {Tu, Zhuowen and Bai, Xiang},
    isbn = {9781424422432},
    doi = {10.1109/TPAMI.2009.186},
    issn = {01628828},
    pmid = {20724753},
    keywords = {3D brain segmentation, Context, conditional random fields, discriminative models, image segmentation, object recognition}
}

@article{Larsen2016,
    title = {{Autoencoding beyond pixels using a learned similarity metric}},
    year = {2016},
    author = {{Larsen}},
    arxivId = {arXiv:1512.09300v2}
}

@article{Lassifiers2019,
    title = {{B -r u e d n c}},
    year = {2019},
    author = {Lassifiers, D E E P N Eural C},
    pages = {1--14}
}

@article{Y.LeCunB.BoserJ.S.DenkerD.HendersonR.E.Howard1989,
    title = {{Backpropagation Applied to Handwritten Zip Code Recognition}},
    year = {1989},
    journal = { Neural Computation},
    author = {Y. LeCun, B. Boser, J. S. Denker, D. Henderson, R. E. Howard, W. Hubbard and L. D. Jackel},
    number = {4},
    pages = {541--551},
    volume = {1}
}

@techreport{Mullachery,
    title = {{Bayesian Neural Networks}},
    author = {Mullachery, Vikram and Khera, Aniruddh and Husain, Amir},
    url = {https://www.kaggle.com/dgaw}
}

@article{Xie,
    title = {{Beyond Classification: Structured Regression for Robust Cell Detection Using Convolutional Neural Network}},
    author = {Xie, Yuanpu and Xing, Fuyong and Kong, Xiangfei and Su, Hai and Yang, Lin and Crayton Pruitt, J},
    doi = {10.1007/978-3-319-24574-4{\_}43}
}

@article{Geifman2018,
    title = {{Bias-Reduced Uncertainty Estimation for Deep Neural Classifiers}},
    year = {2018},
    author = {Geifman, Yonatan and Uziel, Guy and El-Yaniv, Ran},
    url = {http://arxiv.org/abs/1805.08206},
    issn = {19305753},
    arxivId = {1805.08206}
}

@article{Merk2016,
    title = {{Breaking Cryo-EM Resolution Barriers to Facilitate Drug Discovery}},
    year = {2016},
    journal = {Cell},
    author = {Merk, Alan and Bartesaghi, Alberto and Banerjee, Soojay and Falconieri, Veronica and Rao, Prashant and Davis, Mindy I. and Pragani, Rajan and Boxer, Matthew B. and Earl, Lesley A. and Milne, Jacqueline L.S. and Subramaniam, Sriram},
    isbn = {0092-8674},
    doi = {10.1016/j.cell.2016.05.040},
    issn = {10974172},
    pmid = {27238019}
}

@article{Jiang2001,
    title = {{Bridging the information gap: Computational tools for intermediate resolution structure interpretation}},
    year = {2001},
    journal = {J. Mol. Biol.},
    author = {Jiang, Wen and Baker, Matthew L. and Ludtke, Steven J. and Chiu, Wah},
    number = {5},
    pages = {1033--1044},
    volume = {308},
    isbn = {0022-2836 (Print){\textbackslash}r0022-2836 (Linking)},
    doi = {10.1006/jmbi.2001.4633},
    pmid = {11352589},
    keywords = {Bioinformatics, Electron cryomicroscopy, Fold recognition, Macromolecular assemblies, Structure}
}

@article{Orengo1997,
    title = {{CATH – a hierarchic classification of protein domain structures}},
    year = {1997},
    journal = {Structure},
    author = {Orengo, C A and Michie, A D and Jones, S and Jones, D T and Swindells, M B and Thornton, J M},
    number = {8},
    pages = {1093--1109},
    volume = {5},
    url = {papers://c33b182f-cf88-47e8-a9c5-ad67b5626483/Paper/p2032},
    keywords = {23 may 1997, 4 april 1997, evolution, fold families, protein, received, revisions requested, structure classification}
}

@article{Gaines,
    title = {{Comparing side chain packing in soluble proteins, protein-protein interfaces, and transmembrane proteins Short title: Side chain prediction versus packing fraction}},
    author = {Gaines, J C and Acebes, S and Virrueta, A and Butler, M and Regan, L and O 'hern, C S},
    doi = {10.1002/prot.25479},
    keywords = {hydrophobic amino acids, protein design, protein interfaces, protein structure prediction, protein-peptide interactions, protein-protein interactions, rotamer prediction, side chain dihedral angles, side chain repacking, transmembrane proteins}
}

@article{Yu2008,
    title = {{Computational approaches for automatic structural analysis of large biomolecular complexes}},
    year = {2008},
    journal = {IEEE/ACM Transactions on Computational Biology and Bioinformatics},
    author = {Yu, Zeyun and Bajaj, Chandrajit},
    isbn = {1557-9964 (Electronic){\textbackslash}n1545-5963 (Linking)},
    doi = {10.1109/TCBB.2007.70226},
    issn = {15455963},
    pmid = {18989044},
    keywords = {3D reconstruction, Alignment, Cryo-EM maps, Secondary structure detection, Segmentation, Similarity measure, Skeletonization, Structure analysis}
}

@article{Ashkenazy2010,
    title = {{ConSurf 2010: Calculating evolutionary conservation in sequence and structure of proteins and nucleic acids}},
    year = {2010},
    journal = {Nucleic Acids Research},
    author = {Ashkenazy, Haim and Erez, Elana and Martz, Eric and Pupko, Tal and Ben-Tal, Nir},
    isbn = {0305-1048},
    doi = {10.1093/nar/gkq399},
    issn = {03051048},
    pmid = {20478830}
}

@article{Emsley2004,
    title = {{Coot: Model-building tools for molecular graphics}},
    year = {2004},
    journal = {Acta Crystallographica Section D: Biological Crystallography},
    author = {Emsley, Paul and Cowtan, Kevin},
    isbn = {0907-4449 (Print){\textbackslash}n0907-4449 (Linking)},
    doi = {10.1107/S0907444904019158},
    issn = {09074449},
    pmid = {15572765}
}

@misc{Venien-Bryan2017,
    title = {{Cryo-electron microscopy and X-ray crystallography: Complementary approaches to structural biology and drug discovery}},
    year = {2017},
    booktitle = {Acta Crystallographica Section:F Structural Biology Communications},
    author = {V{\'{e}}nien-Bryan, Catherine and Li, Zhuolun and Vuillard, Laurent and Boutin, Jean Albert},
    isbn = {2053-230X (Electronic)
2053-230X (Linking)},
    doi = {10.1107/S2053230X17003740},
    issn = {2053230X},
    pmid = {28368275},
    keywords = {conformational variability, cryo-EM, cryo-electron microscopy, drug discovery, high resolution, structural biology}
}

@article{Murata2018,
    title = {{Cryo-electron microscopy for structural analysis of dynamic biological macromolecules}},
    year = {2018},
    journal = {Biochimica et Biophysica Acta - General Subjects},
    author = {Murata, Kazuyoshi and Wolf, Matthias},
    number = {2},
    pages = {324--334},
    volume = {1862},
    publisher = {Elsevier},
    url = {https://doi.org/10.1016/j.bbagen.2017.07.020},
    isbn = {0304-4165},
    doi = {10.1016/j.bbagen.2017.07.020},
    issn = {18728006},
    pmid = {28756276},
    keywords = {Cryo-electron tomography, Electron cryomicroscopy, Molecular dynamics, Protein structure, Single particle 3D reconstruction}
}

@article{Zanotti2016,
    title = {{Cryo-EM and X-Ray Crystallography: Complementary or Alternative Techniques?}},
    year = {2016},
    journal = {NanoWorld Journal},
    author = {Zanotti, Giuseppe},
    doi = {10.17756/nwj.2016-025},
    issn = {23791101}
}

@article{Dubochet2018,
    title = {{Cryo-EM in drug discovery: achievements, limitations and prospects}},
    year = {2018},
    journal = {Nat. Rev. Drug Disc. },
    author = {Dubochet, Jacques and Frank, Joachim and Henderson, Richard},
    publisher = {Nature Publishing Group},
    url = {https://www.nature.com/articles/nrd.2018.77},
    doi = {10.1038/nrd.2018.77},
    pmid = {29880918}
}

@article{Bokori-Brown2016,
    title = {{Cryo-EM structure of lysenin pore elucidates membrane insertion by an aerolysin family protein}},
    year = {2016},
    journal = {Nature Communications},
    author = {Bokori-Brown, Monika and Martin, Thomas G. and Naylor, Claire E. and Basak, Ajit K. and Titball, Richard W. and Savva, Christos G.},
    isbn = {2041-1723},
    doi = {10.1038/ncomms11293},
    issn = {20411723},
    pmid = {27048994}
}

@article{Nogales2015,
    title = {{Cryo-EM: A Unique Tool for the Visualization of Macromolecular Complexity}},
    year = {2015},
    journal = {Molecular Cell},
    author = {Nogales, Eva and Scheres, Sjors H.W.},
    number = {4},
    pages = {677--689},
    volume = {58},
    isbn = {1097-4164 (Electronic){\textbackslash}r1097-2765 (Linking)},
    doi = {10.1016/j.molcel.2015.02.019},
    issn = {10974164},
    pmid = {26000851},
    arxivId = {15334406}
}

@article{Cassidy2018,
    title = {{CryoEM-based hybrid modeling approaches for structure determination}},
    year = {2018},
    journal = {Curr. Opin. MicroBio. },
    author = {Cassidy, C. Keith and Himes, Benjamin A. and Luthey-Schulten, Zaida and Zhang, Peijun},
    pages = {14--23},
    volume = {43},
    doi = {10.1016/j.mib.2017.10.002},
    pmid = {29107896}
}

@techreport{Ng,
    title = {{CS229 Lecture notes Generative Learning algorithms}},
    author = {Ng, Andrew}
}

@book{Quinonero-Candela2010,
    title = {{Dataset Shift in Machine Learning}},
    year = {2010},
    booktitle = {AIP Conference Proceedings},
    author = {{Qui{\~{n}}onero-Candela} and Sugiyama, Joaquin Masashi and Schwaighofer, Anton and Lawrence, Neil D.},
    pages = {43--45},
    volume = {1291},
    isbn = {9780735408463},
    doi = {10.1063/1.3506124},
    issn = {0094243X},
    keywords = {Dimers, Nonlocality, Plasmonics, Spatial dispersion}
}

@article{Terashi2018a,
    title = {{De novo main-chain modeling for em maps using MAINMAST}},
    year = {2018},
    journal = {Nature Communications},
    author = {Terashi, Genki and Kihara, Daisuke},
    doi = {10.1038/s41467-018-04053-7},
    issn = {20411723},
    pmid = {29691408}
}

@misc{Terashi2018,
    title = {{De novo main-chain modeling with MAINMAST in 2015/2016 EM Model Challenge}},
    year = {2018},
    booktitle = {Journal of Structural Biology},
    author = {Terashi, Genki and Kihara, Daisuke},
    doi = {10.1016/j.jsb.2018.07.013},
    pmid = {29691408},
    keywords = {Cryo-EM, CryoEM Model Challenge, Electron microscopy, MAINMAST, Main-chain trace, Map interpretation, Mean shifting algorithm, Minimum spanning tree, Protein structure modeling, Rosetta, confidence score}
}

@article{Chen2016,
    title = {{De Novo modeling in cryo-EM density maps with Pathwalking}},
    year = {2016},
    journal = {Journal of Structural Biology},
    author = {Chen, Muyuan and Baldwin, Philip R. and Ludtke, Steven J. and Baker, Matthew L.},
    doi = {10.1016/j.jsb.2016.06.004},
    issn = {10958657},
    pmid = {27436409},
    arxivId = {1701.05567},
    keywords = {Backbone model, Protein structure}
}

@article{Derevyanko2018,
    title = {{Deep convolutional networks for quality assessment of protein folds}},
    year = {2018},
    author = {Derevyanko, Georgy and Grudinin, Sergei and Bengio, Yoshua and Lamoureux, Guillaume},
    doi = {10.1093/bioinformatics/bty494},
    issn = {1367-4803},
    arxivId = {1801.06252}
}

@article{Shin2016,
    title = {{Deep Convolutional Neural Networks for Computer-Aided Detection: CNN Architectures, Dataset Characteristics and Transfer Learning}},
    year = {2016},
    journal = {IEEE Transactions on Medical Imaging},
    author = {Shin, Hoo Chang and Roth, Holger R. and Gao, Mingchen and Lu, Le and Xu, Ziyue and Nogues, Isabella and Yao, Jianhua and Mollura, Daniel and Summers, Ronald M.},
    isbn = {0278-0062 VO - 35},
    doi = {10.1109/TMI.2016.2528162},
    issn = {1558254X},
    pmid = {26886976},
    arxivId = {1602.03409},
    keywords = {Biomedical imaging, computer aided diagnosis, image analysis, machine learning, neural networks}
}

@inproceedings{Li2016,
    title = {{Deep convolutional neural networks for detecting secondary structures in protein density maps from cryo-electron microscopy}},
    year = {2016},
    booktitle = {2016 IEEE International Conference on Bioinformatics and Biomedicine (BIBM)},
    author = {Li, Rongjian and Si, Dong and Zeng, Tao and Ji, Shuiwang and He, Jing},
    isbn = {978-1-5090-1611-2},
    doi = {10.1109/BIBM.2016.7822490}
}

@misc{Rawat2017,
    title = {{Deep convolutional neural networks for image classification: A comprehensive review}},
    year = {2017},
    booktitle = {Neural Computation},
    author = {Rawat, Waseem and Wang, Zenghui},
    isbn = {0899-7667},
    doi = {10.1162/NECO{\_}a{\_}00990},
    issn = {1530888X},
    pmid = {25602775},
    arxivId = {1706.02451}
}

@article{Tzeng2014,
    title = {{Deep Domain Confusion: Maximizing for Domain Invariance}},
    year = {2014},
    author = {Tzeng, Eric and Hoffman, Judy and Zhang, Ning and Saenko, Kate and Darrell, Trevor},
    url = {http://arxiv.org/abs/1412.3474},
    isbn = {0360-1285},
    doi = {10.1016/S0140-6736(83)90938-8},
    issn = {01406736},
    pmid = {21870247},
    arxivId = {1412.3474}
}

@book{Goodfellow2016,
    title = {{Deep Learning}},
    year = {2016},
    author = {Goodfellow, Ian and Bengio, Yoshua and Courville, Aaron},
    publisher = {MIT Press}
}

@techreport{Li2014,
    title = {{Deep Learning Based Imaging Data Completion for Improved Brain Disease Diagnosis}},
    year = {2014},
    author = {Li, Rongjian and Zhang, Wenlu and Suk, Heung-Il and Wang, Li and Li, Jiang and Shen, Dinggang and Ji, Shuiwang}
}

@article{Angermueller2016,
    title = {{Deep learning for computational biology}},
    year = {2016},
    journal = {Molecular Systems Biology},
    author = {Angermueller, Christof and P{\"{a}}rnamaa, Tanel and Parts, Leopold and Stegle, Oliver},
    isbn = {17444292 (Electronic)},
    doi = {10.15252/msb.20156651},
    issn = {1744-4292},
    pmid = {27474269},
    arxivId = {1701.00732}
}

@article{Mathieu2015,
    title = {{Deep multi-scale video prediction beyond mean square error}},
    year = {2015},
    author = {Mathieu, Michael and Couprie, Camille and LeCun, Yann},
    isbn = {1386-1425 (Print) 1386-1425 (Linking)},
    doi = {S1386142503002397 [pii]},
    issn = {13861425},
    pmid = {14670506},
    arxivId = {1511.05440}
}

@article{Karpathy2017,
    title = {{Deep Visual-Semantic Alignments for Generating Image Descriptions}},
    year = {2017},
    journal = {IEEE Transactions on Pattern Analysis and Machine Intelligence},
    author = {Karpathy, Andrej and Fei-Fei, Li},
    isbn = {9781467369640},
    doi = {10.1109/TPAMI.2016.2598339},
    issn = {01628828},
    pmid = {16873662},
    arxivId = {1412.2306},
    keywords = {Image captioning, deep neural networks, language model, recurrent neural network, visual-semantic embeddings}
}

@inproceedings{Taigman,
    title = {{DeepFace: Closing the Gap to Human-Level Performance in Face Verification}},
    year = {2014},
    booktitle = {EEE Conference on Computer Vision and Pattern Recognition},
    author = {Taigman, Yaniv and Yang, Ming and Ranzato, Marc Aurelio and Wolf, Lior},
    address = {Columbus, OH, USA},
    doi = {10.1109/CVPR.2014.220}
}

@techreport{Chen,
    title = {{DETECTION AND IDENTIFICATION OF MACROMOLECULAR COMPLEXES IN CRYO-ELECTRON TOMOGRAMS USING SUPPORT VECTOR MACHINES}},
    author = {Chen, Yuxiang and Hrabe, Thomas and Pfeffer, Stefan and Pauly, Olivier and Mateus, Diana and Navab, Nassir and F{\"{o}}rster, Friedrich},
    keywords = {Index Terms-Cryo-electron tomography, spherical harmonics, support vector machines, template matching}
}

@incollection{Ganin2017,
    title = {{Domain-adversarial training of neural networks}},
    year = {2017},
    booktitle = {Advances in Computer Vision and Pattern Recognition},
    author = {Ganin, Yaroslav and Ustinova, Evgeniya and Ajakan, Hana and Germain, Pascal and Larochelle, Hugo and Laviolette, François and Marchand, Mario and Lempitsky, Victor},
    isbn = {15324435},
    doi = {10.1007/978-3-319-58347-1{\_}10},
    issn = {21916594},
    pmid = {17636916},
    arxivId = {1505.07818}
}

@article{Ganin2005,
    title = {{Domain-Adversarial Training of Neural Networks}},
    year = {2005},
    journal = {Otolaryngology - Head and Neck Surgery},
    author = {Ganin, Yaroslav},
    number = {4},
    pages = {562--568},
    volume = {133},
    isbn = {0194-5998 (Print)},
    doi = {10.1016/j.otohns.2005.05.012},
    issn = {01945998},
    pmid = {16213930},
    arxivId = {arXiv:1505.07818v4}
}

@article{June2010,
    title = {{E XTENDING UCSF C HIMERA}},
    year = {2010},
    author = {June, Conrad Huang},
    number = {June}
}

@article{Martin2008,
    title = {{Efficient comprehensive scoring of docked protein complexes using probabilistic support vector machines}},
    year = {2008},
    journal = {Proteins: Structure, Function and Genetics},
    author = {Martin, Oliver and Schomburg, Dietmar},
    isbn = {0887-3585},
    doi = {10.1002/prot.21603},
    issn = {08873585},
    pmid = {17894343},
    keywords = {FFT docking, Reranking, Scoring function, Supervised machine learning, Unbound-unbound protein-protein docking}
}

@article{Felzenszwalb,
    title = {{Efficient Graph-Based Image Segmentation}},
    author = {Felzenszwalb, Pedro F and Huttenlocher, Daniel P},
    keywords = {clustering, graph algorithm, image segmentation, perceptual organization}
}

@article{Kamnitsas2017,
    title = {{Efficient multi-scale 3D CNN with fully connected CRF for accurate brain lesion segmentation}},
    year = {2017},
    journal = {Medical Image Analysis},
    author = {Kamnitsas, Konstantinos and Ledig, Christian and Newcombe, Virginia F.J. and Simpson, Joanna P. and Kane, Andrew D. and Menon, David K. and Rueckert, Daniel and Glocker, Ben},
    pages = {61--78},
    volume = {36},
    publisher = {Elsevier B.V.},
    url = {http://dx.doi.org/10.1016/j.media.2016.10.004},
    isbn = {1662-4548 (Print){\textbackslash}r1662-453X (Linking)},
    doi = {10.1016/j.media.2016.10.004},
    issn = {13618423},
    pmid = {25191215},
    arxivId = {1603.05959},
    keywords = {3D convolutional neural network, Brain lesions, Deep learning, Fully connected CRF, Segmentation}
}

@inproceedings{Dror2006,
    title = {{EMatch: An efficient method for aligning atomic resolution subunits into intermediate-resolution cryo-EM maps of large macromolecular assemblies}},
    year = {2006},
    booktitle = {Acta Crystallographica Section D: Biological Crystallography},
    author = {Dror, Oranit and Lasker, Keren and Nussinov, Ruth and Wolfson, Haim},
    isbn = {0907-4449 (Print){\textbackslash}r0907-4449 (Linking)},
    doi = {10.1107/S0907444906041059},
    issn = {09074449},
    pmid = {17164525},
    keywords = {Intermediate-resolution cryo-EM maps, Macromolecular assemblies, Structural bioinformatics, Three-dimensional alignment of secondary structure}
}

@article{Dror2007,
    title = {{EMatch: An efficient method for aligning atomic resolution subunits into intermediate-resolution cryo-EM maps of large macromolecular assemblies}},
    year = {2007},
    journal = {Acta Crystallogr., Sect D},
    author = {Dror, Oranit and Lasker, Keren and Nussinov, Ruth and Wolfson, Haim},
    number = {1},
    pages = {42--49},
    volume = {D63},
    isbn = {0907-4449 (Print){\textbackslash}r0907-4449 (Linking)},
    doi = {10.1107/S0907444906041059},
    pmid = {17164525},
    keywords = {Intermediate-resolution cryo-EM maps, Macromolecular assemblies, Structural bioinformatics, Three-dimensional alignment of secondary structure}
}

@article{Zhou2017,
    title = {{EMBuilder: A Template Matching-based Automatic Model-building Program for High-resolution Cryo-Electron Microscopy Maps}},
    year = {2017},
    journal = {Scientific Reports},
    author = {Zhou, Niyun and Wang, Hongwei and Wang, Jiawei},
    doi = {10.1038/s41598-017-02725-w},
    issn = {20452322},
    pmid = {28572576}
}

@article{Zhou2017a,
    title = {{EMBuilder: A Template Matching-based Automatic Model-building Program for High-resolution Cryo-Electron Microscopy Maps}},
    year = {2017},
    journal = {Scientific Reports},
    author = {Zhou, Niyun and Wang, Hongwei and Wang, Jiawei},
    doi = {10.1038/s41598-017-02725-w},
    issn = {20452322},
    pmid = {28572576}
}

@article{Lawson2016,
    title = {{EMDataBank unified data resource for 3DEM}},
    year = {2016},
    journal = {Nucleic Acids Research},
    author = {Lawson, Catherine L. and Patwardhan, Ardan and Baker, Matthew L. and Hryc, Corey and Garcia, Eduardo Sanz and Hudson, Brian P. and Lagerstedt, Ingvar and Ludtke, Steven J. and Pintilie, Grigore and Sala, Raul and Westbrook, John D. and Berman, Helen M. and Kleywegt, Gerard J. and Chiu, Wah},
    isbn = {1362-4962 (Electronic){\textbackslash}r0305-1048 (Linking)},
    doi = {10.1093/nar/gkv1126},
    issn = {13624962},
    pmid = {26578576}
}

@article{Brereton2018,
    title = {{Ensemblator v3: Robust atom-level comparative analyses and classification of protein structure ensembles}},
    year = {2018},
    journal = {Protein science : a publication of the Protein Society},
    author = {Brereton, Andrew E. and Karplus, P. Andrew},
    doi = {10.1002/pro.3249},
    issn = {1469896X},
    keywords = {NMR ensemble, Rosetta, clustering, ensemble clustering, protein structure comparison, python, structure prediction, superposition, template-based modeling}
}

@article{Brereton2018a,
    title = {{Ensemblator v3: Robust atom-level comparative analyses and classification of protein structure ensembles}},
    year = {2018},
    journal = {Protein science : a publication of the Protein Society},
    author = {Brereton, Andrew E. and Karplus, P. Andrew},
    doi = {10.1002/pro.3249},
    issn = {1469896X},
    keywords = {NMR ensemble, Rosetta, clustering, ensemble clustering, protein structure comparison, python, structure prediction, superposition, template-based modeling}
}

@article{Rusu2012,
    title = {{Evolutionary bidirectional expansion for the tracing of alpha helices in cryo-electron microscopy reconstructions}},
    year = {2012},
    journal = {Journal of Structural Biology},
    author = {Rusu, Mirabela and Wriggers, Willy},
    isbn = {1047-8477},
    doi = {10.1016/j.jsb.2011.11.029},
    issn = {10478477},
    pmid = {22155667},
    keywords = {Annotate alpha helices, Cryo-electron microscopy, Extract alpha helices, Intermediate resolution, Secondary structure elements}
}

@article{Huang2010,
    title = {{EXTENDING UCSF CHIMERA WITH PYTHON CODE}},
    year = {2010},
    author = {Huang, Conrad}
}

@article{Puerto,
    title = {{Extensive facility location problems on networks: an updated review}},
    journal = {TOP},
    author = {Puerto, Justo and Ricca, Federica and Scozzari, Andrea and Puerto, B Justo},
    url = {https://doi.org/10.1007/s11750-018-0476-5//doi.org/10.1007/s11750-018-0473-8, https://doi.org/10.1007/s11750-018-0474-7, https://doi.org/10.1007/s11750-018-0475-6.},
    doi = {10.1007/s11750-018-0476-5},
    keywords = {Equity measures, Minimum loss criteria, Ordered median, Path location problems, Tree location problems}
}

@article{C.P.vanZundert2015,
    title = {{Fast and sensitive rigid-body fitting into cryo-EM density maps with PowerFit}},
    year = {2015},
    journal = {AIMS Biophysics},
    author = {C.P.van Zundert, Gydo and M.J.J. Bonvin, Alexandre},
    doi = {10.3934/biophy.2015.2.73},
    issn = {2377-9098}
}

@article{Lopez2011,
    title = {{Firestar - Advances in the prediction of functionally important residues}},
    year = {2011},
    journal = {Nucleic Acids Research},
    author = {Lopez, Gonzalo and Maietta, Paolo and Rodriguez, Jose Manuel and Valencia, Alfonso and Tress, Michael L.},
    number = {SUPPL. 2},
    pages = {235--241},
    volume = {39},
    doi = {10.1093/nar/gkr437},
    issn = {03051048}
}

@article{Dou2017,
    title = {{Flexible Fitting of Atomic Models into Cryo-EM Density Maps Guided by Helix Correspondences}},
    year = {2017},
    author = {Dou, Hang and Burrows, Derek W and Baker, Matthew L and Ju, Tao},
    pages = {2479--2493}
}

@techreport{DaumeIII,
    title = {{Frustratingly Easy Domain Adaptation}},
    author = {Daum{\'{e}} III, Hal},
    url = {http://pub.hal3.name#daume07easyadapt}
}

@article{Shelhamer2017,
    title = {{Fully Convolutional Networks for Semantic Segmentation}},
    year = {2017},
    journal = {IEEE Transactions on Pattern Analysis and Machine Intelligence},
    author = {Shelhamer, Evan and Long, Jonathan and Darrell, Trevor},
    isbn = {978-1-4673-6964-0},
    doi = {10.1109/TPAMI.2016.2572683},
    issn = {01628828},
    pmid = {16190471},
    arxivId = {1411.4038},
    keywords = {Convolutional Networks, Deep Learning, Semantic Segmentation, Transfer Learning}
}

@inproceedings{Long2015a,
    title = {{Fully convolutional networks for semantic segmentation}},
    year = {2015},
    booktitle = {Proceedings of the IEEE Computer Society Conference on Computer Vision and Pattern Recognition},
    author = {Long, Jonathan and Shelhamer, Evan and Darrell, Trevor},
    isbn = {9781467369640},
    doi = {10.1109/CVPR.2015.7298965},
    issn = {10636919},
    pmid = {16190471},
    arxivId = {1411.4038}
}

@article{Long2015,
    title = {{Fully convolutional networks for semantic segmentation}},
    year = {2015},
    journal = {Proceedings of the IEEE Computer Society Conference on Computer Vision and Pattern Recognition},
    author = {Long, Jonathan and Shelhamer, Evan and Darrell, Trevor},
    pages = {3431--3440},
    volume = {07-12-June},
    isbn = {9781467369640},
    doi = {10.1109/CVPR.2015.7298965},
    issn = {10636919},
    pmid = {16190471},
    arxivId = {1411.4038}
}

@techreport{Goodfellow,
    title = {{Generative Adversarial Nets}},
    author = {Goodfellow, Ian J and Pouget-Abadie, Jean and Mirza, Mehdi and Xu, Bing and Warde-Farley, David and Ozair, Sherjil and Courville, Aaron and Bengio, Yoshua},
    url = {http://www.github.com/goodfeli/adversarial}
}

@article{Emekli2008,
    title = {{HingeProt: Automated prediction of hinges in protein structures}},
    year = {2008},
    journal = {Proteins: Structure, Function and Genetics},
    author = {Emekli, Ugur and Schneidman-Duhovny, Dina and Wolfson, Haim J. and Nussinov, Ruth and Haliloglu, Turkan},
    isbn = {1097-0134 (Electronic){\textbackslash}r0887-3585 (Linking)},
    doi = {10.1002/prot.21613},
    issn = {08873585},
    pmid = {17847101},
    keywords = {Docking, EM, Hinges, NMA, Protein flexibility, Protein function}
}

@misc{Wang2017,
    title = {{How cryo-electron microscopy and X-ray crystallography complement each other}},
    year = {2017},
    booktitle = {Protein Science},
    author = {Wang, Hong Wei and Wang, Jia Wei},
    isbn = {7654961189},
    doi = {10.1002/pro.3022},
    issn = {1469896X},
    pmid = {25970171},
    keywords = {X-ray and electron scattering, X-ray crystallography, cryo-EM, protein structure determination, structural biology, structure determination methods}
}

@techreport{Dalpai2006,
    title = {{IDENTIFICATION OF {\$}{$\alpha$}{\$}-HELICES FROM LOW RESOLUTION PROTEIN DENSITY MAPS}},
    year = {2006},
    author = {Dalpa{\`{i}}, A and He, J and Pontelli, E and Lu, Y}
}

@article{Baker2007a,
    title = {{Identification of Secondary Structure Elements in Intermediate Resolution Density Maps}},
    year = {2007},
    journal = {Structure},
    author = {Baker, Matthew L. and Ju, Tao and Chiu, Wah},
    number = {1},
    pages = {7--19},
    volume = {15},
    isbn = {1360786090},
    doi = {10.1002/cyto.a.20594.Use},
    issn = {0736-6205},
    pmid = {18474035},
    arxivId = {NIHMS150003}
}

@article{Baker2007,
    title = {{Identification of Secondary Structure Elements in Intermediate-Resolution Density Maps}},
    year = {2007},
    journal = {Structure},
    author = {Baker, Matthew L. and Ju, Tao and Chiu, Wah},
    isbn = {0969-2126},
    doi = {10.1016/j.str.2006.11.008},
    issn = {09692126},
    pmid = {17223528},
    arxivId = {NIHMS150003}
}

@techreport{Dalpai2006b,
    title = {{IDENTIFICATION OF {$\alpha$}-HELICES FROM LOW RESOLUTION PROTEIN DENSITY MAPS}},
    year = {2006},
    author = {Dalpa{\`{i}}, A and He, J and Pontelli, E and Lu, Y}
}

@inproceedings{Krizhevsky,
    title = {{ImageNet Classification with Deep Convolutional Neural Networks}},
    year = {2012},
    booktitle = {Proceeding NIPS'12 Proceedings of the 25th International Conference on Neural Information Processing Systems},
    author = {Krizhevsky, Alex and Sutskever, Ilya and Hinton, Geoffrey E},
    pages = {1097--1105},
    address = {Lake Tahoe, Nevada}
}

@article{Bradford2005,
    title = {{Improved prediction of protein-protein binding sites using a support vector machines approach}},
    year = {2005},
    journal = {Bioinformatics},
    author = {Bradford, James R. and Westhead, David R.},
    isbn = {1367-4803 (Print){\textbackslash}r1367-4803 (Linking)},
    doi = {10.1093/bioinformatics/bti242},
    issn = {13674803},
    pmid = {15613384}
}

@article{Salimans2016,
    title = {{Improved Techniques for Training GANs}},
    year = {2016},
    author = {Salimans, Tim and Goodfellow, Ian and Zaremba, Wojciech and Cheung, Vicki and Radford, Alec and Chen, Xi},
    isbn = {0924-6495},
    doi = {arXiv:1504.01391},
    issn = {09246495},
    pmid = {23259955},
    arxivId = {1606.03498}
}

@article{K.M.BorgwardtA.GrettonM.RaschH.-P.KriegelB.Scholkopf2004,
    title = {{Integrating structured biological data by Kernel Maximum Mean Discrepancy}},
    year = {2004},
    journal = {Physical Review B - Condensed Matter and Materials Physics},
    author = {K. M. Borgwardt, A. Gretton, M. Rasch, H.-P. Kriegel, B. Sch{\"{o}}lkopf, A. J. Smola ISMB06},
    doi = {10.1103/PhysRevB.70.195407},
    pmid = {16873512}
}

@misc{Chollet2015,
    title = {{Keras}},
    year = {2015},
    author = {Chollet, François and {others}},
    howpublished = {https://keras.io}
}

@article{Key2014,
    title = {{Keyboard shortcuts Visual Studio Code}},
    year = {2014},
    author = {Key, Shortcut}
}

@techreport{Wu,
    title = {{Learning a Probabilistic Latent Space of Object Shapes via 3D Generative-Adversarial Modeling}},
    author = {Wu, Jiajun and Zhang, Chengkai and Xue, Tianfan and Freeman, William T and Tenenbaum, Joshua B},
    arxivId = {1610.07584v2}
}

@techreport{Oquab,
    title = {{Learning and Transferring Mid-Level Image Representations using Convolutional Neural Networks}},
    author = {Oquab, Maxime and Bottou, Leon and Laptev, Ivan and Sivic, Josef}
}

@article{Skalic2018,
    title = {{LigVoxel: inpainting binding pockets using 3D-convolutional neural networks}},
    year = {2018},
    journal = {Bioinformatics},
    author = {Skalic, Miha and Varela-Rial, Alejandro and Jim{\'{e}}nez, José and Mart{\'{i}}nez-Rosell, Gerard and De Fabritiis, Gianni},
    doi = {10.1093/bioinformatics/bty583},
    issn = {1367-4803},
    pmid = {29982392}
}

@article{Naseem2010,
    title = {{Linear regression for face recognition}},
    year = {2010},
    journal = {IEEE Transactions on Pattern Analysis and Machine Intelligence},
    author = {Naseem, Imran and Togneri, Roberto and Bennamoun, Mohammed},
    isbn = {0387987800},
    doi = {10.1109/TPAMI.2010.128},
    issn = {01628828},
    pmid = {20603520},
    arxivId = {arXiv:1202.3819v2},
    keywords = {Face recognition, linear regression, nearest subspace classification}
}

@article{Sirinukunwattana2016,
    title = {{Locality Sensitive Deep Learning for Detection and Classification of Nuclei in Routine Colon Cancer Histology Images}},
    year = {2016},
    journal = {IEEE Transactions on Medical Imaging},
    author = {Sirinukunwattana, Korsuk and Raza, Shan E.Ahmed and Tsang, Yee Wah and Snead, David R.J. and Cree, Ian A. and Rajpoot, Nasir M.},
    isbn = {1472-4146 (Electronic){\textbackslash}r0021-9746 (Linking)},
    doi = {10.1109/TMI.2016.2525803},
    issn = {1558254X},
    pmid = {26863654},
    keywords = {Convolutional neural network, deep learning, histology image analysis, nucleus detection}
}

@article{BAUMEISTER2000624,
    title = {{Macromolecular electron microscopy in the era of structural genomics}},
    year = {2000},
    journal = {Trends in Biochemical Sciences},
    author = {Baumeister, Wolfgang and Steven, Alasdair C},
    number = {12},
    pages = {624--631},
    volume = {25},
    url = {http://www.sciencedirect.com/science/article/pii/S0968000400017205},
    doi = {https://doi.org/10.1016/S0968-0004(00)01720-5},
    issn = {0968-0004},
    keywords = {cryo-electron microscopy, electron tomography, genomics, single-particle analysis, x-ray crystallography}
}

@inproceedings{Nie2017,
    title = {{Medical image synthesis with context-aware generative adversarial networks}},
    year = {2017},
    booktitle = {Lecture Notes in Computer Science (including subseries Lecture Notes in Artificial Intelligence and Lecture Notes in Bioinformatics)},
    author = {Nie, Dong and Trullo, Roger and Lian, Jun and Petitjean, Caroline and Ruan, Su and Wang, Qian and Shen, Dinggang},
    isbn = {9783319661780},
    doi = {10.1007/978-3-319-66179-7{\_}48},
    issn = {16113349},
    arxivId = {1612.05362},
    keywords = {Auto-context, Deep learning, GAN, Generative models, Image synthesis}
}

@article{Si,
    title = {{Modeling Beta-traces for Beta-barrels from Cryo-EM Density Maps}},
    author = {Si, Dong and He, Jing},
    number = {Figure 1},
    pages = {23--25}
}

@misc{Schmidt2014,
    title = {{Modelling three-dimensional protein structures for applications in drug design}},
    year = {2014},
    booktitle = {Drug Discovery Today},
    author = {Schmidt, Tobias and Bergner, Andreas and Schwede, Torsten},
    isbn = {1359-6446},
    doi = {10.1016/j.drudis.2013.10.027},
    issn = {18785832},
    pmid = {24216321},
    arxivId = {NIHMS150003}
}

@article{Fan2009,
    title = {{Molecular docking screens using comparative models of proteins}},
    year = {2009},
    journal = {Journal of Chemical Information and Modeling},
    author = {Fan, Hao and Irwin, John J. and Webb, Benjamin M. and Klebe, Gerhard and Shoichet, Brian K. and Sali, Andrej},
    isbn = {1549-960X (Electronic){\textbackslash}r1549-9596 (Linking)},
    doi = {10.1021/ci9003706},
    issn = {15499596},
    pmid = {19845314}
}

@article{Tjioe2011,
    title = {{MultiFit: A web server for fitting multiple protein structures into their electron microscopy density map}},
    year = {2011},
    journal = {Nucleic Acids Research},
    author = {Tjioe, Elina and Lasker, Keren and Webb, Ben and Wolfson, Haim J. and Sali, Andrej},
    isbn = {0305-1048},
    doi = {10.1093/nar/gkr490},
    issn = {03051048},
    pmid = {21715383}
}

@book{Nielsen2015,
    title = {{Neural Networks and Deep Learning}},
    year = {2015},
    author = {Nielsen, Michael A},
    publisher = {Determination Press}
}

@article{Towse2016,
    title = {{New Dynamic Rotamer Libraries: Data-Driven Analysis of Side-Chain Conformational Propensities}},
    year = {2016},
    journal = {Structure},
    author = {Towse, Clare Louise and Rysavy, Steven J. and Vulovic, Ivan M. and Daggett, Valerie},
    isbn = {0000000000000},
    doi = {10.1016/j.str.2015.10.017},
    issn = {18784186},
    pmid = {26745530}
}

@article{Towse2016a,
    title = {{New Dynamic Rotamer Libraries: Data-Driven Analysis of Side-Chain Conformational Propensities}},
    year = {2016},
    journal = {Structure},
    author = {Towse, Clare Louise and Rysavy, Steven J. and Vulovic, Ivan M. and Daggett, Valerie},
    isbn = {0000000000000},
    doi = {10.1016/j.str.2015.10.017},
    issn = {18784186},
    pmid = {26745530}
}

@article{Afonine2018a,
    title = {{New tools for the analysis and validation of cryo-EM maps and atomic models}},
    year = {2018},
    journal = {Acta Crystallographica Section D: Structural Biology},
    author = {Afonine, Pavel V. and Klaholz, Bruno P. and Moriarty, Nigel W. and Poon, Billy K. and Sobolev, Oleg V. and Terwilliger, Thomas C. and Adams, Paul D. and Urzhumtsev, Alexandre},
    number = {9},
    volume = {74},
    doi = {10.1107/S2059798318009324},
    issn = {20597983},
    pmid = {30198894}
}

@article{Terwilliger2018,
    title = {{New tools for the analysis and validation of cryo-EM maps and atomic models research papers}},
    year = {2018},
    author = {Terwilliger, Thomas C and Adams, D and Urzhumtsev, Alexandre},
    pages = {814--840},
    publisher = {International Union of Crystallography},
    doi = {10.1107/S2059798318009324},
    keywords = {atomic models, cryo-em, data quality, field of electron cryomicroscopy, have, increasing number of atomic, model, models of biomacromolecules, quality, recent advances in the, resolution, resulted in a rapidly, validation}
}

@article{Dantzig1966,
    title = {{OF A CONTINUOUS FUNCTION FOR FEDERAL SCIENTIFIC AND}},
    year = {1966},
    author = {Dantzig, George B and Folkman, Jon H and Shapiro, Norman and Dantzig, George B and Folkman, Jon H and Shapiro, Norman}
}

@article{Guo2017,
    title = {{On Calibration of Modern Neural Networks}},
    year = {2017},
    author = {Guo, Chuan and Pleiss, Geoff and Sun, Yu and Weinberger, Kilian Q.},
    isbn = {9781510855144},
    issn = {1938-7228},
    arxivId = {1706.04599}
}

@article{Benaim2017,
    title = {{One-Sided Unsupervised Domain Mapping}},
    year = {2017},
    author = {Benaim, Sagie and Wolf, Lior},
    number = {Nips},
    pages = {1--11}
}

@techreport{Lasker,
    title = {{Optimization Techniques for Modeling Structures of Macromolecular Assemblies}},
    author = {Lasker, Keren}
}

@article{Dong2013,
    title = {{Optimized atomic statistical potentials: Assessment of protein interfaces and loops}},
    year = {2013},
    journal = {Bioinformatics},
    author = {Dong, Guang Qiang and Fan, Hao and Schneidman-Duhovny, Dina and Webb, Ben and Sali, Andrej and Tramontano, Anna},
    doi = {10.1093/bioinformatics/btt560},
    issn = {14602059},
    pmid = {24078704}
}

@article{Velankar2012,
    title = {{PDBe: Protein Data Bank in Europe}},
    year = {2012},
    journal = {Nucleic Acids Research},
    author = {Velankar, S. and Alhroub, Y. and Best, C. and Caboche, S. and Conroy, M. J. and Dana, J. M. and Fernandez Montecelo, M. A. and Van Ginkel, G. and Golovin, A. and Gore, S. P. and Gutmanas, A. and Haslam, P. and Hendrickx, P. M.S. and Heuson, E. and Hirshberg, M. and John, M. and Lagerstedt, I. and Mir, S. and Newman, L. E. and Oldfield, T. J. and Patwardhan, A. and Rinaldi, L. and Sahni, G. and Sanz-Garc{\'{i}}a, E. and Sen, S. and Slowley, R. and Suarez-Uruena, A. and Swaminathan, G. J. and Symmons, M. F. and Vranken, W. F. and Wainwright, M. and Kleywegt, G. J.},
    number = {D1},
    pages = {402--410},
    volume = {40},
    isbn = {1362-4962 (Electronic)
0305-1048 (Linking)},
    doi = {10.1093/nar/gkr998},
    issn = {03051048},
    pmid = {21045060}
}

@article{Adams2010,
    title = {{PHENIX: A comprehensive Python-based system for macromolecular structure solution}},
    year = {2010},
    journal = {Acta Crystallographica Section D: Biological Crystallography},
    author = {Adams, Paul D. and Afonine, Pavel V. and Bunk{\'{o}}czi, Gábor and Chen, Vincent B. and Davis, Ian W. and Echols, Nathaniel and Headd, Jeffrey J. and Hung, Li Wei and Kapral, Gary J. and Grosse-Kunstleve, Ralf W. and McCoy, Airlie J. and Moriarty, Nigel W. and Oeffner, Robert and Read, Randy J. and Richardson, David C. and Richardson, Jane S. and Terwilliger, Thomas C. and Zwart, Peter H.},
    isbn = {0907-4449},
    doi = {10.1107/S0907444909052925},
    issn = {09074449},
    pmid = {20124702}
}

@article{Capra2007,
    title = {{Predicting functionally important residues from sequence conservation}},
    year = {2007},
    journal = {Bioinformatics},
    author = {Capra, John A. and Singh, Mona},
    number = {15},
    pages = {1875--1882},
    volume = {23},
    doi = {10.1093/bioinformatics/btm270},
    issn = {13674803}
}

@article{Cui2019,
    title = {{Predicting protein-ligand binding residues with deep convolutional neural networks}},
    year = {2019},
    journal = {BMC Bioinformatics},
    author = {Cui, Yifeng and Dong, Qiwen and Hong, Daocheng and Wang, Xikun},
    number = {1},
    pages = {1--12},
    volume = {20},
    publisher = {BMC Bioinformatics},
    doi = {10.1186/s12859-019-2672-1},
    issn = {14712105},
    keywords = {3D-structure-based methods, Binding residues, Deep convolutional networks, Protein, Sequence-based methods}
}

@article{Alipanahi2015,
    title = {{Predicting the sequence specificities of DNA- and RNA-binding proteins by deep learning}},
    year = {2015},
    journal = {Nature Biotechnology},
    author = {Alipanahi, Babak and Delong, Andrew and Weirauch, Matthew T. and Frey, Brendan J.},
    number = {8},
    pages = {831--838},
    volume = {33},
    publisher = {Nature Publishing Group},
    url = {http://dx.doi.org/10.1038/nbt.3300},
    doi = {10.1038/nbt.3300},
    issn = {15461696}
}

@article{Fischer2008,
    title = {{Prediction of protein functional residues from sequence by probability density estimation}},
    year = {2008},
    journal = {Bioinformatics},
    author = {Fischer, J. D. and Mayer, C. E. and S{\"{o}}ding, J.},
    number = {5},
    pages = {613--620},
    volume = {24},
    doi = {10.1093/bioinformatics/btm626},
    issn = {13674803}
}

@article{Zvelebil1987,
    title = {{Prediction of protein secondary structure and active sites using the alignment of homologous sequences}},
    year = {1987},
    journal = {Journal of Molecular Biology},
    author = {Zvelebil, Markéta J. and Barton, Geoffrey J. and Taylor, William R. and Sternberg, Michael J.E.},
    isbn = {0022-2836 (Print)},
    doi = {10.1016/0022-2836(87)90501-8},
    issn = {00222836},
    pmid = {3656439}
}

@article{Iki2009,
    title = {{Prediction of Protein–Protein Interaction Sites in Sequences and 3D Structures by Random Forests}},
    year = {2009},
    journal = {PLoS Comput Biol},
    author = {Iki, Mile Š and Tomi, Sanja and Vlahovi{\v{c}}ek, Kristian},
    number = {1},
    volume = {5},
    doi = {10.1371/journal.pcbi.1000278}
}

@article{Rausell2010,
    title = {{Protein interactions and ligand binding: From protein subfamilies to functional specificity}},
    year = {2010},
    journal = {Proceedings of the National Academy of Sciences},
    author = {Rausell, A. and Juan, D. and Pazos, F. and Valencia, A.},
    number = {5},
    pages = {1995--2000},
    volume = {107},
    doi = {10.1073/pnas.0908044107},
    issn = {0027-8424}
}

@article{Ma2003,
    title = {{Protein-protein interactions: Structurally conserved residues distinguish between binding sites and exposed protein surfaces}},
    year = {2003},
    journal = {Proceedings of the National Academy of Sciences},
    author = {Ma, B. and Elkayam, T. and Wolfson, H. and Nussinov, R.},
    isbn = {0027-8424 (Print){\textbackslash}r0027-8424 (Linking)},
    doi = {10.1073/pnas.1030237100},
    issn = {0027-8424},
    pmid = {12730379}
}

@article{Janin2010,
    title = {{Protein–protein docking tested in blind predictions: the CAPRI experiment}},
    year = {2010},
    journal = {Molecular BioSystems},
    author = {Janin, Joël},
    isbn = {1742-206X},
    doi = {10.1039/c005060c},
    issn = {1742-206X},
    pmid = {20725658}
}

@article{Meinshausen2006,
    title = {{Quantile Regression Forests}},
    year = {2006},
    journal = {Journal of Machine Learning Research},
    author = {Meinshausen, Nicolai},
    pages = {983--999},
    volume = {7},
    keywords = {adaptive neighborhood regression, quantile regression, random forests}
}

@article{Taylor2014,
    title = {{Quantitative method for the assignment of hinge and shear mechanism in protein domain movements}},
    year = {2014},
    journal = {Bioinformatics},
    author = {Taylor, Daniel and Cawley, Gavin and Hayward, Steven},
    doi = {10.1093/bioinformatics/btu506},
    issn = {14602059},
    pmid = {25078396}
}

@article{Afonine2018,
    title = {{Real-space refinement in PHENIX for cryo-EM and crystallography}},
    year = {2018},
    journal = {research papers Acta Cryst},
    author = {Afonine, Pavel V and Poon, Billy K and Read, Randy J and Sobolev, Oleg V and Terwilliger, Thomas C and Urzhumtsev, Alexandre and Adams, Paul D},
    pages = {531--544},
    volume = {74},
    url = {https://doi.org/10.1107/S2059798318006551},
    doi = {10.1107/S2059798318006551},
    keywords = {PHENIX, atomic-centered targets, cryo-EM, crystallography, map interpolation, real-space refinement}
}

@article{Murshudov2011,
    title = {{REFMAC5 for the refinement of macromolecular crystal structures}},
    year = {2011},
    journal = {Acta Crystallographica Section D: Biological Crystallography},
    author = {Murshudov, Garib N. and Skub{\'{a}}k, Pavol and Lebedev, Andrey A. and Pannu, Navraj S. and Steiner, Roberto A. and Nicholls, Robert A. and Winn, Martyn D. and Long, Fei and Vagin, Alexei A.},
    isbn = {0907444911001},
    doi = {10.1107/S0907444911001314},
    issn = {09074449},
    pmid = {21460454},
    keywords = {REFMAC5, refinement}
}

@inproceedings{Liao2013,
    title = {{Representation learning: A unified deep learning framework for automatic prostate MR segmentation}},
    year = {2013},
    booktitle = {Lecture Notes in Computer Science (including subseries Lecture Notes in Artificial Intelligence and Lecture Notes in Bioinformatics)},
    author = {Liao, Shu and Gao, Yaozong and Oto, Aytekin and Shen, Dinggang},
    isbn = {9783642407628},
    doi = {10.1007/978-3-642-40763-5{\_}32},
    issn = {03029743},
    pmid = {24579148},
    arxivId = {NIHMS150003}
}

@article{Raphael2018,
    title = {{Research in Computational Molecular Biology}},
    year = {2018},
    journal = {Proceedings},
    author = {Raphael, Benjamin J}
}

@article{Clark2015,
    title = {{Residue-level global and local ensemble-ensemble comparisons of protein domains}},
    year = {2015},
    journal = {Protein Science},
    author = {Clark, Sarah A. and Tronrud, Dale E. and Andrew Karplus, P.},
    doi = {10.1002/pro.2714},
    issn = {1469896X},
    keywords = {NMR ensemble, Rosetta, force field optimization, homology modeling, protein comparisons, structure prediction, structure validation, superposition, template-based modeling}
}

@inproceedings{Girshick2014,
    title = {{Rich feature hierarchies for accurate object detection and semantic segmentation}},
    year = {2014},
    booktitle = {Proceedings of the IEEE Computer Society Conference on Computer Vision and Pattern Recognition},
    author = {Girshick, Ross and Donahue, Jeff and Darrell, Trevor and Malik, Jitendra},
    isbn = {9781479951178},
    doi = {10.1109/CVPR.2014.81},
    issn = {10636919},
    pmid = {26656583},
    arxivId = {1311.2524}
}

@article{Frenz2017,
    title = {{RosettaES: A sampling strategy enabling automated interpretation of difficult cryo-EMmaps}},
    year = {2017},
    journal = {Nature Methods},
    author = {Frenz, Brandon and Walls, Alexandra C. and Egelman, Edward H. and Veesler, David and Di Maio, Frank},
    doi = {10.1038/nmeth.4340},
    issn = {15487105},
    pmid = {28628127}
}

@article{Hubbard1999,
    title = {{SCOP: A structural classification of proteins database}},
    year = {1999},
    journal = {Nucleic Acids Research},
    author = {Hubbard, Tim J P and Ailey, Bart and Brenner, Steven E. and Murzin, Alexey G. and Chothia, Cyrus},
    number = {1},
    pages = {254--256},
    volume = {27},
    doi = {10.1093/nar/27.1.254},
    issn = {03051048}
}

@article{Ward2003,
    title = {{Secondary structure prediction with support vector machines}},
    year = {2003},
    journal = {Bioinformatics},
    author = {Ward, J. J. and McGuffin, L. J. and Buxton, B. F. and Jones, D. T.},
    isbn = {1367-4803 (Print){\textbackslash}r1367-4803 (Linking)},
    doi = {10.1093/bioinformatics/btg223},
    issn = {13674803},
    pmid = {12967961}
}

@article{Uijlings,
    title = {{Selective Search for Object Recognition}},
    author = {Uijlings, J R R and Van De Sande, K E A and Gevers, T and Smeulders, A W M},
    keywords = {()}
}

@article{Vinyals2017,
    title = {{Show and Tell: Lessons Learned from the 2015 MSCOCO Image Captioning Challenge}},
    year = {2017},
    journal = {IEEE Transactions on Pattern Analysis and Machine Intelligence},
    author = {Vinyals, Oriol and Toshev, Alexander and Bengio, Samy and Erhan, Dumitru},
    isbn = {0162-8828 VO - PP},
    doi = {10.1109/TPAMI.2016.2587640},
    issn = {01628828},
    pmid = {27392341},
    arxivId = {1609.06647},
    keywords = {Image captioning, language model, recurrent neural network, sequence-to-sequence}
}

@article{Hoffman2017,
    title = {{Simultaneous deep transfer across domains and tasks}},
    year = {2017},
    journal = {Advances in Computer Vision and Pattern Recognition},
    author = {Hoffman, Judy and Tzeng, Eric and Darrell, Trevor and Saenko, Kate},
    number = {9783319583464},
    pages = {173--187},
    isbn = {9781467383912},
    doi = {10.1007/978-3-319-58347-1{\_}9},
    issn = {21916594},
    pmid = {675210},
    arxivId = {1510.02192}
}

@article{Yang2016,
    title = {{Sixty-five years of the long march in protein secondary structure prediction: the final stretch?}},
    year = {2016},
    journal = {Briefings in Bioinformatics},
    author = {Yang, Yuedong and Gao, Jianzhao and Wang, Jihua and Heffernan, Rhys and Hanson, Jack and Paliwal, Kuldip and Zhou, Yaoqi},
    doi = {10.1093/bib/bbw129},
    issn = {1467-5463},
    pmid = {28040746}
}

@article{Raucci2017,
    title = {{Structure Local Interaction Signal Analysis predicts protein-protein binding affinity Local Interaction Signal Analysis predicts protein-protein binding affinity}},
    year = {2017},
    author = {Raucci, Raffaele and Laine, Elodie and Carbone, Alessandra},
    keywords = {Density Functional Theory, atom-atom contact, binding affinity, electron density, favorable contact, non-covalent interaction, non-favorable contact, non-interacting surface, protein-protein interaction, protein-protein interface, reduced density gradient}
}

@article{Dukka2013,
    title = {{STRUCTURE-BASED METHODS FOR COMPUTATIONAL PROTEIN FUNCTIONAL SITE PREDICTION}},
    year = {2013},
    journal = {Computational and Structural Biotechnology Journal},
    author = {Dukka, B KC},
    doi = {10.5936/csbj.201308005},
    issn = {20010370}
}

@article{Jiang2016a,
    title = {{Structures of a CRISPR-Cas9 R-loop complex primed for DNA cleavage}},
    year = {2016},
    journal = {Science},
    author = {Jiang, Fuguo and Taylor, David W. and Chen, Janice S. and Kornfeld, Jack E. and Zhou, Kaihong and Thompson, Aubri J. and Nogales, Eva and Doudna, Jennifer A.},
    isbn = {0907444900005},
    doi = {10.1126/science.aad8282},
    issn = {10959203},
    pmid = {26841432},
    arxivId = {arXiv:1011.1669v3}
}

@article{Jiang2016,
    title = {{Structures of a CRISPR-Cas9 R-loop complex primed for DNA cleavage}},
    year = {2016},
    journal = {Science},
    author = {Jiang, Fuguo and Taylor, David W. and Chen, Janice S. and Kornfeld, Jack E. and Zhou, Kaihong and Thompson, Aubri J. and Nogales, Eva and Doudna, Jennifer A.},
    isbn = {0907444900005},
    doi = {10.1126/science.aad8282},
    issn = {10959203},
    pmid = {26841432},
    arxivId = {arXiv:1011.1669v3}
}

@article{Shamim2007,
    title = {{Support Vector Machine-based classification of protein folds using the structural properties of amino acid residues and amino acid residue pairs}},
    year = {2007},
    journal = {Bioinformatics},
    author = {Shamim, Mohammad Tabrez Anwar and Anwaruddin, Mohammad and Nagarajaram, H.A.},
    doi = {10.1093/bioinformatics/btm527},
    issn = {1460-2059}
}

@article{Kallberg2012,
    title = {{Template-based protein structure modeling using the RaptorX web server}},
    year = {2012},
    journal = {Nature Protocols},
    author = {K{\"{a}}llberg, Morten and Wang, Haipeng and Wang, Sheng and Peng, Jian and Wang, Zhiyong and Lu, Hui and Xu, Jinbo},
    isbn = {1750-2799 (Electronic){\textbackslash}r1750-2799 (Linking)},
    doi = {10.1038/nprot.2012.085},
    issn = {17542189},
    pmid = {22814390}
}

@article{Cowtan2006,
    title = {{The Buccaneer software for automated model building. 1. Tracing protein chains}},
    year = {2006},
    journal = {Acta Crystallographica Section D: Biological Crystallography},
    author = {Cowtan, Kevin},
    isbn = {0907-4449},
    doi = {10.1107/S0907444906022116},
    issn = {09074449},
    pmid = {16929101}
}

@article{RozanovSupervisor2016,
    title = {{The Nestedness Property of Convex Ordered Median Problem on a Tree}},
    year = {2016},
    author = {Rozanov Supervisor, Mark and Tamir, Arie}
}

@article{Rozanov,
    title = {{The nestedness property of location problems on the line}},
    author = {Rozanov, Mark and Tamir, Arie},
    url = {https://doi.org/10.1007/s11750-018-0471-x},
    doi = {10.1007/s11750-018-0471-x},
    keywords = {Convex ordered median, Extensive facility, Location problem, Nestedness}
}

@techreport{Chothial1986,
    title = {{The relation between the divergence of sequence and structure in proteins}},
    year = {1986},
    booktitle = {The EMBO Journal},
    author = {Chothial, Cyrus and Lesk2, Arthur M and Perutz, M F},
    number = {4},
    pages = {823--826},
    volume = {5},
    keywords = {evolution/protein homology/model building}
}

@article{Brown2015,
    title = {{Tools for macromolecular model building and refinement into electron cryo-microscopy reconstructions}},
    year = {2015},
    journal = {Acta Crystallographica Section D: Biological Crystallography},
    author = {Brown, Alan and Long, Fei and Nicholls, Robert A. and Toots, Jaan and Emsley, Paul and Murshudov, Garib},
    isbn = {1399-0047},
    doi = {10.1107/S1399004714021683},
    issn = {13990047},
    pmid = {25615868},
    keywords = {LIBG Crystallography and complementary methods, electron cryo-microscopy reconstructions, model building, refinement}
}

@incollection{DiMaio2016,
    title = {{Tools for Model Building and Optimization into Near-Atomic Resolution Electron Cryo-Microscopy Density Maps}},
    year = {2016},
    booktitle = {Methods in Enzymology},
    author = {DiMaio, F. and Chiu, W.},
    isbn = {9780128053829},
    doi = {10.1016/bs.mie.2016.06.003},
    issn = {15577988},
    pmid = {27572730},
    keywords = {CryoEM map-derived model, Model optimization, Model validation}
}

@article{Si2014,
    title = {{Tracing Beta Strands Using StrandTwister from Cryo-EM Density Maps at Medium Resolutions}},
    year = {2014},
    journal = {Structure},
    author = {Si, Dong and He, Jing},
    isbn = {0969-2126},
    doi = {10.1016/j.str.2014.08.017},
    issn = {18784186},
    pmid = {25308866}
}

@article{Eriksson2003,
    title = {{Tutorial on}},
    year = {2003},
    journal = {Linguistics},
    author = {Eriksson, Anders},
    number = {2002},
    pages = {1--14}
}

@article{Taigman2017,
    title = {{U c -d i g}},
    year = {2017},
    author = {Taigman, Yaniv and Polyak, Adam and Wolf, Lior},
    pages = {1--14},
    arxivId = {arXiv:1611.02200v1}
}

@article{Radford2016,
    title = {{U NSUPERVISED R EPRESENTATION L EARNING WITH D EEP C ONVOLUTIONAL}},
    year = {2016},
    author = {Radford, Alec and Metz, Luke and Chintala, Soumith},
    pages = {1--16},
    arxivId = {arXiv:1511.06434v2}
}

@article{Ronneberger2015,
    title = {{U-net: Convolutional networks for biomedical image segmentation}},
    year = {2015},
    journal = {Lecture Notes in Computer Science (including subseries Lecture Notes in Artificial Intelligence and Lecture Notes in Bioinformatics)},
    author = {Ronneberger, Olaf and Fischer, Philipp and Brox, Thomas},
    pages = {234--241},
    volume = {9351},
    isbn = {9783319245737},
    doi = {10.1007/978-3-319-24574-4{\_}28},
    issn = {16113349},
    pmid = {23285570},
    arxivId = {1505.04597}
}

@article{Pettersen2004,
    title = {{UCSF Chimera - A visualization system for exploratory research and analysis}},
    year = {2004},
    journal = {Journal of Computational Chemistry},
    author = {Pettersen, Eric F. and Goddard, Thomas D. and Huang, Conrad C. and Couch, Gregory S. and Greenblatt, Daniel M. and Meng, Elaine C. and Ferrin, Thomas E.},
    isbn = {0192-8651 (Print){\textbackslash}n0192-8651 (Linking)},
    doi = {10.1002/jcc.20084},
    issn = {01928651},
    pmid = {15264254},
    arxivId = {arXiv:1011.1669v3},
    keywords = {Extensibility, Molecular graphics, Multiscale modeling, Sequence alignment, Visualization}
}

@article{Wolf,
    title = {{Unsupervised Creation of Parameterized Avatars}},
    author = {Wolf, Lior and Taigman, Yaniv and Polyak, Adam},
    number = {vi}
}

@techreport{Radford,
    title = {{UNSUPERVISED REPRESENTATION LEARNING WITH DEEP CONVOLUTIONAL GENERATIVE ADVERSARIAL NETWORKS}},
    author = {Radford, Alec and Metz, Luke and Chintala, Soumith},
    arxivId = {1511.06434v2}
}

@article{Vreven2015,
    title = {{Updates to the Integrated Protein-Protein Interaction Benchmarks: Docking Benchmark Version 5 and Affinity Benchmark Version 2}},
    year = {2015},
    journal = {Journal of Molecular Biology},
    author = {Vreven, Thom and Moal, Iain H. and Vangone, Anna and Pierce, Brian G. and Kastritis, Panagiotis L. and Torchala, Mieczyslaw and Chaleil, Raphael and Jim{\'{e}}nez-Garc{\'{i}}a, Brian and Bates, Paul A. and Fernandez-Recio, Juan and Bonvin, Alexandre M.J.J. and Weng, Zhiping},
    isbn = {1089-8638 (Electronic){\textbackslash}r0022-2836 (Linking)},
    doi = {10.1016/j.jmb.2015.07.016},
    issn = {10898638},
    pmid = {26231283},
    arxivId = {15334406},
    keywords = {antibodyantigen, binding free energy, conformational change, protein-protein complex structure, proteinprotein interface}
}

@article{Zeng2018,
    title = {{Using cryo-electron microscopy maps for X-ray structure determination}},
    year = {2018},
    journal = {IUCrJ},
    author = {Zeng, Lingxiao and Ding, Wei and Hao, Quan},
    doi = {10.1107/S2052252518005857},
    issn = {20522525},
    pmid = {30002839},
    keywords = {FSEARCH, IPCAS, X-ray crystallography, cryo-EM, cryo-electron microscopy, iterative phasing, model building, phase problem, structure determination}
}

@article{Collins-sussman2008,
    title = {{Version Control with Subversion ( Compiled from r3305 )}},
    year = {2008},
    journal = {ReVision},
    author = {Collins-sussman, Ben and Fitzpatrick, Brian W and Pilato, C Michael},
    pages = {407},
    volume = {5},
    url = {http://svnbook.red-bean.com/},
    isbn = {978-0-596-55752-2},
    doi = {10.1081/E-ELIS3-120044663},
    issn = {14653648},
    pmid = {22419688}
}

@article{PARRISH2006387,
    title = {{Yeast two-hybrid contributions to interactome mapping}},
    year = {2006},
    journal = {Current Opinion in Biotechnology},
    author = {Parrish, Jodi R and Gulyas, Keith D and Finley, Russell L},
    number = {4},
    pages = {387--393},
    volume = {17},
    url = {http://www.sciencedirect.com/science/article/pii/S0958166906000905},
    doi = {https://doi.org/10.1016/j.copbio.2006.06.006},
    issn = {0958-1669}
}

@article{1147.full,
    title = {{1147.full}}
}

@inproceedings{Si2012AMaps,
    title = {{A machine learning approach for the identification of protein secondary structure elements from electron cryo-microscopy density maps}},
    year = {2012},
    booktitle = {Biopolymers},
    author = {Si, Dong and Ji, Shuiwang and Nasr, Kamal Al and He, Jing},
    number = {9},
    month = {9},
    pages = {698--708},
    volume = {97},
    doi = {10.1002/bip.22063},
    issn = {00063525},
    keywords = {beta sheet, density map, electron cryo-microscopy, helix, local structure tensor, machine learning, protein, secondary structure}
}

@article{2018AFunction,
    title = {{A visual proof that neural nets can compute any function}},
    year = {2018},
    url = {http://neuralnetworksanddeeplearning.com/chap4.html}
}

@inproceedings{Rozanov2018AAnchor:Maps,
    title = {{AAnchor: CNN guided detection of anchor amino acids in high resolution cryo-EM density maps}},
    year = {2018},
    booktitle = {2018 IEEE International Conference on Bioinformatics and Biomedicine (BIBM)},
    author = {Rozanov, M and Wolfson, H J},
    pages = {88--91},
    isbn = {VO  -},
    doi = {10.1109/BIBM.2018.8621288},
    keywords = {AAnchor, Amino acids, CNN guided detection, CNN., Machine learning, Machine learning algorithms, Protein engineering, Proteins, Task analysis, Training, anchor amino acids, biology computing, cryo-EM density maps, cryo-EM maps, de-novo modeling tasks, density maps, detection accuracy, general fragment based modeling, high confidence anchor amino acid residues, high resolution cryo-EM maps, learning (artificial intelligence), loop modeling, machine learning, molecular biophysics, molecular configurations, molecular modeling, protein structures, proteins, secondary structures}
}

@article{Bauer2003AffinityComplexes,
    title = {{Affinity purification-mass spectrometry: Powerful tools for the characterization of protein complexes}},
    year = {2003},
    journal = {European Journal of Biochemistry},
    author = {Bauer, Andreas and Kuster, Bernhard},
    number = {4},
    pages = {570--578},
    volume = {270},
    doi = {10.1046/j.1432-1033.2003.03428.x},
    issn = {00142956},
    keywords = {TAP (tandem affinity purification)}
}

@article{2018Appendix:Intelligence,
    title = {{Appendix: Is there a simple algorithm for intelligence?}},
    year = {2018},
    url = {http://neuralnetworksanddeeplearning.com/sai.html}
}

@article{Chen2011ATPsiteResidues,
    title = {{ATPsite : sequence-based prediction of ATP- binding residues}},
    year = {2011},
    author = {Chen, Ke and Mizianty, Marcin J and Kurgan, Lukasz},
    number = {Suppl 1},
    pages = {1--8},
    volume = {9}
}

@article{Mostosi2019AutomatedNetworks,
    title = {{Automated interpretation of Cryo-EM density maps with convolutional neural networks}},
    year = {2019},
    author = {Mostosi, Philipp and Schindelin, Hermann and Kollmannsberger, Philip and Thorn, Andrea},
    pages = {1--11}
}

@article{Bioinf-2007-1112-File002,
    title = {{bioinf-2007-1112-File002}}
}

@article{Moritz2019Cascaded-CNN:Maps,
    title = {{Cascaded-CNN: Deep Learning to Predict Protein Backbone Structure from High-Resolution Cryo-EM Density Maps}},
    year = {2019},
    journal = {bioRxiv},
    author = {Moritz, Spencer A. and Pfab, Jonas and Wu, Tianqi and Hou, Jie and Cheng, Jianlin and Cao, Renzhi and Wang, Liguo and Si, Dong},
    pages = {572990},
    url = {https://www.biorxiv.org/content/10.1101/572990v3},
    doi = {10.1101/572990}
}

@article{Chap3,
    title = {{chap3}}
}

@article{Chap5,
    title = {{chap5}}
}

@article{Chap6,
    title = {{chap6}}
}

@techreport{COY,
    title = {{{\c{C}}{\`{O}} ××{\"{O}}{\"{O}}{\~{N}}{\~{N}}{\`{O}}{\`{O}}{\O}{\O}{\'{U}} {\'{U}}×{\textordmasculine} {\`{O}}{\`{O}}{\"{O}}{\"{O}}{\O}{\O}{\'{U}} ÐÐ×××¬¬{\"{O}}×× {\'{O}}{\~{N}}{\^{O}}{\^{O}}{\"{O}}{\"{O}}×{\'{O}}{\`{O}} {\'{O}}{\'{O}} Ð{\'{O}}{\'{O}}{\'{O}}×{\O}{\O}{\O} {\"{O}}{\"{O}}{\"{O}}{\"{O}}{\"{O}}×××{\'{O}}{\`{O}} {\`{O}}{\`{O}} {\`{O}}{\`{O}}{\`{O}}{\'{U}} {\'{Y}}×}}
}

@article{GANsTensorFlow,
    title = {{GANs from Scratch 1{\_} A deep introduction. With code in PyTorch and TensorFlow}}
}

@misc{Https://www.creative-biostructure.com/comparison-of-crystallography-nmr-and-em_6.htm,
    title = {{https://www.creative-biostructure.com/comparison-of-crystallography-nmr-and-em{\_}6.htm}},
    url = {https://www.creative-biostructure.com/comparison-of-crystallography-nmr-and-em_6.htm}
}

@article{Truong2002IdentificationApproach,
    title = {{Identification and characterization of subfamily-specific signatures in a large protein superfamily by a hidden Markov model approach}},
    year = {2002},
    journal = {BMC Bioinformatics},
    author = {Truong, Kevin and Ikura, Mitsuhiko},
    pages = {1--14},
    volume = {3},
    doi = {10.1186/1471-2105-3-1},
    issn = {14712105}
}

@article{Ma2012IdentificationSequence,
    title = {{Identification of DNA-binding residues of a protein from its primary sequence}},
    year = {2012},
    journal = {Proceedings - 2012 5th International Symposium on Computational Intelligence and Design, ISCID 2012},
    author = {Ma, Xin and Hu, Lefu},
    pages = {290--293},
    volume = {1},
    isbn = {9780769548111},
    doi = {10.1109/ISCID.2012.80},
    keywords = {Position specific scoring matrix, RNA-binding residues, Random forest}
}

@article{2018LaTeXSymbols,
    title = {{LaTeX Math Symbols}},
    year = {2018},
    url = {http://web.ift.uib.no/Teori/KURS/WRK/TeX/symALL.html}
}

@article{Puerto2005LocatingObjective,
    title = {{Locating tree-shaped facilities using the ordered median objective}},
    year = {2005},
    journal = {Mathematical Programming},
    author = {Puerto, J. and Tamir, A.},
    number = {2},
    pages = {313--338},
    volume = {102},
    isbn = {1010700405},
    doi = {10.1007/s10107-004-0547-2},
    issn = {00255610}
}

@techreport{OFFLINENETWORKS,
    title = {{OFFLINE DEEP MODELS CALIBRATION WITH BAYESIAN NEURAL NETWORKS}},
    url = {https://github.com/2019submission/bnn.2019.}
}

@article{PgfmanualCVS2012-11-04,
    title = {{pgfmanualCVS2012-11-04}}
}

@book{Drenth1999PrinciplesSeparation,
    title = {{Principles of Protein Separation}},
    year = {1999},
    author = {Drenth, Jan},
    publisher = {Springer-Verlag},
    address = {New York}
}

@techreport{REDUCINGDISTRIBUTION,
    title = {{REDUCING OVER-CONFIDENT ERRORS OUTSIDE THE KNOWN DISTRIBUTION}}
}

@article{Ma2012RENNSH:Maps,
    title = {{RENNSH: A novel {$\alpha$}-helix identification approach for intermediate resolution electron density maps}},
    year = {2012},
    journal = {IEEE/ACM Transactions on Computational Biology and Bioinformatics},
    author = {Ma, Lingyu and Reisert, Marco and Burkhardt, Hans},
    number = {1},
    pages = {228--239},
    volume = {9},
    doi = {10.1109/TCBB.2011.52},
    issn = {15455963},
    keywords = {Structural bioinformatics, intermediate resolution electron density maps, refined classification, secondary structure identification, spherical harmonic descriptors}
}

@article{Riek2002SolutionStructures,
    title = {{Solution NMR Techniques for Large Molecular and Supramolecular Structures}},
    year = {2002},
    journal = {Journal of the American Chemical Society},
    author = {Riek, Roland and Fiaux, Jocelyne and Bertelsen, Eric B and Horwich, Arthur L and W{\"{u}}thrich, Kurt},
    number = {41},
    month = {10},
    pages = {12144--12153},
    volume = {124},
    publisher = {American Chemical Society},
    url = {https://doi.org/10.1021/ja026763z},
    doi = {10.1021/ja026763z},
    issn = {0002-7863}
}

@article{Task,
    title = {{Task}}
}

@article{Taskb,
    title = {{Task}}
}

@article{Taskc,
    title = {{Task}}
}

@article{Taskd,
    title = {{Task}}
}

@article{Alberts1998TheMachines,
    title = {{The Cell as a Collection of Protein Machines}},
    year = {1998},
    journal = {Cell},
    author = {Alberts, Bruce},
    pages = {291--294},
    volume = {92}
}

@inproceedings{Chen2018UsingMaps,
    title = {{Using Combined Features to Analyze Atomic Structures derived from Cryo-EM Density Maps}},
    year = {2018},
    author = {Chen, Lin and He, Jing},
    month = {8},
    pages = {651--655},
    publisher = {Association for Computing Machinery (ACM)},
    doi = {10.1145/3233547.3233709}
}